2812 4634
588 851 970 968 artronum
1083 813 1084 818 Ὗ

388 1069 390 1072 ’
435 1061 716 1145 oenomaus
749 1063 810 1146 nn
845 1063 1128 1148 roronuur
1205 1188 1207 1192 Α

72 1245 212 1380 micro}
266 1359 401 1375 .......
413 1311 520 1376 facere·
532 1328 594 1402 non
612 1328 703 1395 posse
717 1316 912 1394 monstraret,
935 1314 1015 1377 sicut
1034 1313 1154 1396 profeta
1175 1314 1231 1379 ait:
1254 1316 1337 1397 quis

140 1439 143 1443 ⁴
222 1411 368 1494 sapiens
383 1416 419 1477 et
436 1413 616 1496 percipiet
629 1413 718 1493 haec
739 1418 776 1479 et
792 1413 988 1498 intelleget
1003 1417 1039 1479 et
1053 1415 1145 1479 sciet
1167 1419 1228 1480 ea?
1251 1419 1338 1498 quia

221 1517 344 1578 rectae
373 1517 458 1579 sunt
479 1515 559 1578 uiae
588 1515 724 1580 domini
745 1519 781 1580 et
809 1516 898 1580 iusti
925 1517 1033 1581 ibunt
1061 1517 1097 1580 in
1119 1516 1214 1597 illas,
1244 1519 1365 1600 inpiie

222 1616 635 1699 autemlanguisceutin
646 1618 707 1682 eis.
723 1618 875 1700 Propter
887 1618 979 1699 quod
991 1621 1099 1682 etuos
1115 1619 1234 1682 induti
1247 1620 1337 1683 fidei

222 1719 331 1783 armis
354 1719 562 1783 castificate
583 1720 721 1784 animas
744 1724 888 1784 uestras
917 1720 960 1784 ad
982 1721 1248 1785 obaudiendum
1270 1742 1337 1805 per

196 1899 198 1902 y
221 1821 392 1904 spiritum
414 1824 445 1885 et
467 1822 710 1887 aedificantes
732 1840 795 1886 uos
816 1823 853 1886 in
881 1816 1058 1905 templum
1080 1820 1215 1887 domini
1244 1825 1336 1887 cari·

221 1927 334 1988 tatem
361 1924 397 1988 in
426 1916 664 2007 fraternitate
693 1925 897 2007 simplicem
929 1925 965 1988 in
998 1913 1162 2008 gloriam·
1184 1925 1333 1990 diuinae

201 2024 430 2091 dilectionis
453 2026 647 2106 adhibete,
682 2027 826 2109 quoniam
858 2026 901 2091 sic
935 2015 1083 2091 scribtum
1117 2030 1178 2091 est:
1214 2029 1332 2093 omnis
1348 2058 1378 2098 ιο

220 2146 302 2193 caro
323 2132 363 2194 ut
377 2130 523 2194 faenum
545 2133 582 2193 et
603 2121 719 2193 omnis
735 2129 852 2212 gloria
873 2128 1029 2193 hominis
1052 2132 1091 2194 ut
1107 2125 1111 2212 1
1128 2129 1198 2194 flos
1220 2130 1333 2206 faeni3

185 2246 187 2250 “
220 2231 316 2303 aruit
339 2232 489 2296 ‘faenum
520 2235 555 2295 et
583 2232 655 2295 flos
686 2231 834 2311 decidit,
866 2231 1017 2295 uerbum
1047 2234 1168 2296 autem
1197 2231 1333 2297 domini

219 2336 341 2398 manet
361 2334 396 2398 in
419 2337 616 2413 aeternum,
638 2335 726 2397 utin
749 2333 929 2417 euuangelio
951 2334 994 2398 ait
1015 2333 1170 2397 dominus:
1192 2334 1333 2400 intrate

219 2454 282 2518 per
303 2439 499 2520 angustum
520 2436 663 2516 ostium,
692 2436 776 2517 quia
796 2436 875 2499 dico
897 2434 1002 2500 uobis
1025 2435 1131 2500 multi
1153 2430 1333 2518 quaerunt

178 2559 179 2562 ¹
218 2537 370 2603 introire
392 2543 428 2602 et
449 2556 519 2603 non
540 2541 722 2621 poterunt.
746 2538 784 2601 In
799 2555 857 2620 quo
872 2555 933 2602 non
948 2536 1029 2620 quod
1044 2542 1194 2622 angustus
1209 2545 1333 2604 sancto-
1348 2570 1377 2610 11

219 2658 289 2704 rum
310 2641 515 2705 constituatur
528 2641 696 2724 ingressus,
718 2640 772 2704 sed
794 2641 1001 2723 quiaomnis
1024 2640 1186 2705 amicitia
1207 2643 1333 2706 mundi

219 2742 366 2832 inimica
387 2745 442 2807 est
465 2742 522 2806 dei
544 2733 583 2806 et
595 2743 731 2810 humana
752 2746 862 2807 natura
882 2743 1000 2806 facilius
1015 2742 1217 2808 oblectatione
1237 2762 1333 2824 quam

218 2843 323 2920 labore
339 2844 493 2924 suadetur,
515 2862 571 2908 nos
585 2845 799 2928 intellegamus
822 2845 911 2927 quod,
928 2845 982 2909 ubi
1001 2863 1106 2909 rerum
1120 2847 1332 2927 praesentium

136 2963 195 3017 123
217 2946 359 3010 uoluntas
382 2947 544 3028 quaeritur,
564 2932 687 3010 ¹futurae
709 2944 719 3033 ll
738 2948 820 3011 uitae
841 2947 1002 3029 promissio
1025 2965 1087 3011 non
1108 2947 1247 3012 habetur.
1282 2947 1333 3013 Sic

318 3089 410 3144 BHos.
424 3092 517 3154 14,10.
586 3089 735 3159 6Propter]
753 3089 785 3143 cf.
799 3105 877 3159 supra
893 3091 1009 3158 p.8o,1.
1083 3088 1181 3159 induti]
1200 3088 1233 3143 ci.
1251 3089 1330 3145 Rom.

219 3177 258 3238 13,
272 3177 317 3238 12;
329 3173 422 3243 Ephos.
433 3177 456 3238 6,
467 3178 497 3231 11
508 3189 563 3242 sqq.
643 3177 659 3229 7
672 3173 824 3244 castificate]
842 3174 864 3228 1.
876 3174 946 3228 Patr.
960 3178 983 3238 1,
995 3177 1036 3229 22.
1116 3177 1133 3232 8
1150 3174 1332 3246 aedificantes]

217 3259 239 3314 1.
255 3259 326 3314 Petr.
339 3261 362 3323 2,
375 3264 399 3315 5.
462 3259 611 3335 caritatem]
623 3259 645 3313 I.
656 3259 727 3313 Petu.
741 3263 763 3324 1,
775 3261 816 3315 22.
872 3261 904 3315 10
916 3258 1013 3327 omnis]
1025 3258 1069 3315 Es.
1081 3261 1126 3323 40,
1136 3261 1202 3317 6-8
1207 3278 1214 3322 ;
1225 3259 1247 3313 Ι.
1256 3260 1330 3315 Pctr.

219 3347 242 3408 1,
251 3348 292 3400 24.
371 3347 403 3400 13
420 3343 527 3413 intrate]
545 3343 605 3397 Luc.
620 3346 713 3407 13,24.
791 3347 824 3401 16
840 3344 893 3399 Iac.
905 3346 929 3407 4,
941 3347 970 3407 43
988 3343 1021 3398 cf.
1033 3345 1149 3401 Βαηιαεί
1165 3345 1239 3414 epist.
1258 3346 1331 3414 apud

216 3430 280 3499 lug.
294 3426 334 3493 18,
347 3432 397 3486 366
405 3430 435 3483 Β.

246 3543 275 3613 ’2’
285 3556 324 3612 Of.
334 3556 471 3625 subscript
480 3555 559 3610 huius
568 3558 698 3610 tractatus
738 3559 824 3612 3ante
835 3556 885 3610 hoc
896 3555 990 3610 folium
1001 3555 1136 3638 complura
1146 3556 1270 3611 excidisse
1282 3557 1331 3612 do·

216 3659 317 3714 enimus
328 3658 447 3728 inpraef.
460 3658 519 3713 cI]
570 3661 588 3713 4
605 3648 713 3748 bach
763 3662 779 3715 5
799 3651 882 3719 ΙΗΑΒ
895 3660 1094 3724 seruaui3facile
1103 3660 1200 3729 cogites
1209 3658 1241 3712 de
1257 3652 1331 3720 ollas

216 3771 566 3889 olamcorscereiffi,
591 3824 602 3873 1
624 3829 654 3867 ex
673 3824 680 3871 1
705 3828 770 3866 corr.
856 3797 1191 3892 oooaobreresooca
1207 3812 1288 3872 sun.
1302 3821 1331 3868 et

214 3971 310 4036 puncto
328 3965 378 4019 rer.
457 3967 488 4021 11
506 3925 626 4047 etples,
642 3966 676 4020 er.
687 3967 729 4029 er,
741 3967 774 4021 ro
851 3968 884 4022 14
896 3975 991 4037 nnec.
1007 3965 1084 4035 osa]
1096 3966 1218 4021 coenans
1229 3965 1332 4022 11111111

215 4068 310 4137 saepe,
323 4069 356 4123 er.
369 4070 447 4132 o1,5;
464 4071 505 4132 aa,
519 4071 551 4125 1o
639 4071 670 4124 19
690 4059 882 4152 colomnae]
898 4068 969 4122 nom
986 4069 1134 4122 11111111
1154 4059 1332 4152 uoluptas
