2812 4634
624 293 784 347 tractatus
801 291 846 345 VI.
1221 275 1259 339 ’11

168 445 304 528 operibus
331 447 429 511 inbuti
451 447 610 510 sollemnia
633 447 770 530 paschae
792 445 933 512 caelestis
964 447 1112 512 intremus
1135 453 1165 512 et
1187 448 1263 513 erci-

167 549 222 612 tati
244 568 279 612 ex
298 553 405 627 morte,
429 547 548 629 Christo
563 566 617 631 pro
639 548 727 612 nobis
749 567 784 613 ex
798 549 1016 635 inmortalitate
1038 550 1263 633 morientem-

166 651 344 732 tellegamus
366 650 445 731 quod
466 651 585 730 factus
607 667 669 732 pro
688 649 936 730 nobisomnia,
958 652 1031 715 dum
1045 650 1080 715 in
1096 650 1263 717 oblationes

166 770 235 815 suas
251 753 315 815 dies
331 771 452 816 menses
467 753 582 815 formas
594 770 750 840 pecorum,
772 753 951 818 animalium
969 757 1104 833 naturas,
1123 754 1266 818 differen-
1303 751 1308 836 j

132 869 151 933 v⁵
166 855 224 918 tias
239 854 390 933 arborum,
406 857 521 918 fructus
538 855 894 918 terrenorum-seminum
907 856 1013 939 poscit,
1029 857 1090 919 non
1104 860 1265 937 quaesunt
1301 850 1303 854 '
1376 890 1378 894 Α

134 944 136 948 1
165 957 402 1020 aelementorum
431 960 484 1021 aut
512 945 632 1020 terrena
662 956 829 1037 deciderat„
857 957 912 1021 scd
940 959 1059 1022 omnia
1091 975 1154 1038 sua
1186 951 1264 1023 esse
1316 1015 1320 1024 .

165 1059 375 1122 demonstrans
386 1058 638 1126 ,certificationem
656 1055 803 1143 tertianae
823 1060 920 1124 carme
937 1063 967 1124 et
983 1060 1128 1143 spiritus„
1139 1065 1264 1148 propter
1286 1067 1322 1125 94

164 1161 245 1243 quo‘d
267 1164 297 1225 ct
317 1162 383 1243 ipse
404 1179 457 1243 pro
480 1160 567 1225 nobis
589 1179 698 1243 passus
712 1162 751 1227 ,iu
774 1179 863 1226 earne
884 1165 940 1242 est,
958 1163 993 1226 in
1015 1165 1173 1249 triumfum
1194 1180 1264 1247 poc-

164 1264 226 1327 cati
248 1263 399 1345 operantis
422 1264 553 1345 exposuit
575 1271 605 1339 et
625 1282 679 1346 per
701 1264 836 1327 omnium
857 1282 959 1328 rerum
981 1269 1090 1350 nanus
1110 1268 1209 1329 totum
1231 1283 1263 1328 se

124 1378 152 1417 1⁰
165 1366 289 1446 loqueos
319 1369 466 1429 nontam
495 1365 552 1430 eoli
573 1366 641 1429 uult
669 1366 776 1445 maadi
804 1365 942 1430 instituta
962 1384 1061 1453 quam
1082 1367 1201 1448 distrui,
1229 1370 1265 1431 ut

165 1468 377 1538 manifestetur
405 1468 485 1547 quod
514 1468 659 1531 scribtum
689 1471 749 1532 est:
780 1467 988 1554 homocum
1018 1471 1116 1556 esset
1142 1469 1178 1532 in
1206 1469 1264 1532 ho·
1296 1466 1300 1474 '

164 1589 259 1650 nore,
281 1587 350 1632 non
369 1569 602 1634 intellexitet
618 1569 849 1634 adsimilatus
873 1571 1124 1636 estiumeotis.
1152 1569 1265 1650 Quam·

164 1672 211 1735 uis
244 1672 325 1735 enim
358 1671 452 1735 diuini
484 1673 581 1755 gratia
614 1671 801 1737 sacramenti
837 1673 987 1754 paschalis
1020 1673 1157 1754 mysterii
1188 1690 1263 1755 opus
1323 1749 1325 1754 η

164 1774 297 1856 dirigens
326 1778 356 1837 et
385 1774 561 1839 testamenti
589 1774 700 1838 ueteris
729 1775 797 1857 lege
825 1775 994 1857 praemissa
1014 1775 1099 1838 uelut
1125 1776 1264 1848 futurum

125 1893 153 1933 rs
165 1875 274 1939 salutis
293 1879 413 1940 nostrae
430 1873 434 1962 l
450 1877 507 1940 iter
528 1879 705 1940 construens
728 1877 880 1940 uenientis
901 1877 932 1940 in
947 1894 1059 1941 nouam
1080 1877 1180 1947 lucem
1194 1894 1264 1958 pas·

164 1978 229 2041 suri
251 1979 298 2042 dei
326 1979 489 2042 constituat
510 1981 682 2061 ingressum
711 1982 742 2043 et
762 1980 795 2048 in
823 1980 1085 2062 praeparationem
1113 1978 1264 2070 paschalis

165 2081 224 2144 diei
253 2081 347 2144 occidi
376 2099 489 2163 agnum
514 2083 649 2163 postulet
673 2081 800 2163 loquens
828 2080 983 2146 Christum
1011 2083 1127 2162 hocque
1152 2082 1265 2164 pascha

164 2183 285 2262 domini,
315 2183 389 2246 illud
411 2182 524 2248 Christi
552 2183 707 2248 inmolatio
737 2187 927 2265 nuncupetur
949 2199 984 2246 ac
1013 2184 1129 2247 satisa
1157 2202 1191 2252 se
1220 2183 1265 2246 di-

164 2304 288 2348 uersum
312 2285 352 2348 sit
372 2303 464 2368 pecus
486 2290 584 2349 terrae
607 2289 637 2351 et
660 2286 733 2349 deus
752 2286 875 2368 gloriae,
898 2285 1043 2366 quoniam
1064 2285 1186 2366 quidem
1207 2284 1265 2348 hoc

123 2412 152 2450 so
165 2391 319 2450 terrenum
342 2388 469 2452 mortale
491 2388 652 2452 deciduum
675 2388 757 2452 etin
784 2406 874 2451 usum
896 2388 1018 2452 formati
1040 2388 1153 2451 saeculi
1178 2405 1265 2468 prae-

163 2493 250 2570 cepto
280 2490 401 2553 animae
430 2491 561 2554 uiuentis
591 2491 759 2554 animatum
789 2494 847 2570 ost,
882 2489 1018 2554 Christus
1049 2492 1151 2553 autem
1181 2489 1264 2572 origo
1332 2561 1334 2566 ,
1385 2541 1387 2544 ,

161 2592 300 2667 omnium
326 2595 407 2656 totus
429 2593 459 2655 in
483 2611 550 2656 sese
572 2610 627 2656 nec
654 2592 735 2672 quod
761 2595 815 2656 est
830 2592 951 2655 aliunde
977 2591 1175 2674 praesumens
1198 2591 1264 2655 sine
1305 2597 1307 2629 ³
1397 2671 1399 2674 y

162 2690 328 2778 prinllcipio,
356 2694 513 2773 sinaitae,
543 2713 634 2775 quem
657 2695 683 2757 si
712 2713 766 2776 per
786 2695 930 2758 uniuersa
958 2694 1138 2780 consideres,
1167 2712 1266 2770 unum¹
1286 2699 1325 2754 95

162 2796 305 2878 inuenies
321 2797 353 2859 in
375 2796 453 2874 totis
470 2801 500 2860 et
522 2796 641 2860 facilius
664 2797 701 2867 de
724 2813 758 2859 eo
781 2790 880 2860 sermo
902 2795 1021 2860 deliciet
1035 2814 1126 2877 quam
1146 2799 1264 2875 natura,

263 2950 285 3028 3Ἰ
301 2972 333 3026 cf.
355 2971 377 3026 1.
395 2971 444 3026 Cor
457 2976 492 3055 ,9’
508 2976 541 3047 ‘22
565 2976 591 3026 et
611 2973 692 3028 Prisc.
710 2989 765 3027 cau.
781 2949 849 3027 m.
959 2974 975 3028 6
997 2948 1031 3026 cfss
1051 2971 1146 3026 Matth.
1163 2975 1204 3036 28,
1222 2974 1265 3035 18;

162 3058 200 3111 Io.
215 3059 253 3120 16,
268 3062 305 3113 15.
376 3060 406 3112 11
424 3057 467 3110 Ps.
478 3060 520 3120 48,
534 3059 577 3120 13;
595 3058 626 3111 cf.
640 3060 777 3126 Philocte,
796 3059 827 3112 de
843 3060 1051 3127 taerca,c.100.

265 3222 277 3274 l
297 3220 431 3288 Hilurica,
449 3219 480 3273 dc
492 3221 554 3273 ioan.
567 3221 590 3286 I,
602 3223 649 3273 13.-
665 3219 721 3287 ipso
737 3235 783 3289 pro
796 3218 870 3272 nobis
881 3235 912 3300 ex
924 3219 1120 3277 immortalitate
1132 3216 1265 3283 moriente,

162 3307 194 3357 ut
245 3347 250 3358 .
263 3320 321 3357 enm
339 3308 369 3358 eo
387 3305 602 3357 excitaremur'ex
619 3310 711 3365 morta
778 3306 812 3358 24
825 3305 896 3378 Hit,
919 3306 951 3375 dp
968 3306 1028 3360 tota.
1047 3306 1117 3372 lLd
1133 3311 1158 3373 st
1174 3310 1266 3359 eontra

165 3389 255 3444 Const-
271 3391 333 3459 ioap.
352 3408 373 3445 e.
390 3395 437 3444 28:
459 3404 542 3442 sermo
560 3389 588 3441 in
605 3405 635 3442 eo
652 3389 762 3452 deficiet,
780 3405 831 3442 non
849 3394 942 3443 natura
959 3388 1100 3444 claudetur.

206 3537 424 3674 lsollecnrora
466 3671 468 3674 y
517 3553 613 3656 eo'es
709 3553 879 3653 ΝΜυιιΑ5
935 3597 1149 3668 steaa.‚eras
1171 3602 1264 3673 pena,

162 3700 253 3752 remo
269 3679 554 3757 acconenses.
620 3679 642 3754 ‘a
661 3705 825 3785 canape,
847 3709 854 3754 o
874 3713 922 3749 ras.
941 3695 990 3750 del.
1071 3698 1087 3751 a
1107 3694 1266 3763 marona]

160 3800 214 3852 uid.
225 3803 251 3862 5,
263 3803 291 3863 93
305 3803 344 3864 15,
356 3801 402 3863 205Ι
411 3803 453 3863 20,
467 3802 510 3861 la
522 3802 563 3862 75,
576 3801 592 3854 2
604 3801 630 3854 et
644 3802 675 3855 17
687 3799 719 3853 al.
735 3799 864 3852 dclittera
875 3799 903 3851 M
915 3802 1036 3867 oppressa
1087 3801 1119 3854 12
1137 3787 1263 3855 ΑδΒΙΠΗ

163 3935 249 4012 lotus
266 3951 345 4012 fnisse
363 3953 467 4007 uidetur
552 3954 584 4008 13
600 3941 805 4039 pascbanlps,
890 3953 921 4008 18
938 3953 993 4004 erat
1012 3912 1220 4025 immitam,
1240 3960 1264 4008 Α

161 4138 210 4175 ras.
232 4122 280 4177 uon
381 4124 412 4178 19
429 4059 646 4184 tanaiticus
714 4123 743 4175 ao
768 4063 954 4198 concretes,
975 4129 994 4186 ε
1010 4121 1047 4188 on
1065 4124 1131 4183 res)
1147 4137 1197 4175 ras.
1215 4118 1264 4173 del.
