2812 4634
207 298 246 363 78
661 311 862 368 Priscilliani

207 471 288 534 huno
311 490 378 534 esse
400 470 533 553 primum
556 487 695 534 mensem
718 474 749 532 et
771 469 851 532 diem
875 472 1022 551 nostrum,
1046 470 1160 534 nonin
1183 488 1243 553 quo
1266 489 1319 554 an

207 592 349 655 paremus
371 574 403 636 in
425 573 591 652 saeculum,
615 572 721 636 sedin
744 588 803 652 quo
827 571 945 635 deuicto
964 571 1105 656 Aegypto
1127 574 1207 638 idest
1228 593 1320 656 repn-

207 675 288 739 dieto
317 676 431 739 mundo
462 675 567 738 diuina
587 675 619 738 in
649 674 741 737 deum
770 674 930 737 natiuitate
959 683 1145 756 reparamur.
1183 675 1318 740 Adtendi

207 782 309 840 eutem
323 777 438 840 lunaris
460 777 527 840 ideo
543 795 649 840 cursus
664 776 794 856 iubetur,
817 794 878 841 non
900 779 936 840 ut
949 776 980 840 in
1003 794 1038 841 eo
1054 776 1224 842 obseruatio
1248 779 1319 843 reli-

205 880 304 961 gionis
327 880 375 959 sit,
399 881 462 959 sed,
486 880 610 960 qniain
632 897 767 960 eaquae
790 880 933 943 uidentur
955 880 1052 944 omnis
1075 880 1166 944 homo
1186 882 1318 946 uincitur
1342 903 1356 943 e

206 987 236 1046 et
264 1000 412 1065 germana
442 983 619 1046 aelementis
649 1000 719 1046 earo
750 981 856 1045 diebus
886 986 917 1045 et
945 979 1141 1067 temlporibus
1174 983 1320 1067 ablegata

203 1088 336 1148 rectores
352 1084 433 1148 orbis
456 1091 607 1148 terrarum
622 1084 693 1148 deos
714 1085 866 1163 aestimat,
889 1085 1060 1149 necessario
1077 1085 1317 1150 aelementorum

205 1186 434 1251 circumscribis
463 1206 518 1270 per
540 1188 630 1251 deum
661 1187 781 1250 numeri
809 1187 1005 1271 intellegatur
1034 1191 1144 1252 natura
1165 1192 1205 1269 et,
1234 1191 1317 1271 qnod

205 1291 353 1353 minuitur
371 1296 424 1354 aut
443 1291 560 1371 crescit,
581 1291 715 1372 primum
730 1291 890 1372 potestatis
906 1308 979 1354 suae
994 1308 1054 1355 non
1071 1309 1138 1355 esse
1153 1293 1316 1357 credentur

204 1398 290 1473 quae
303 1394 468 1457 uoluntarii
490 1394 589 1476 operis
620 1410 682 1457 non
703 1392 818 1458 habent
839 1393 1024 1472 libertatem,
1054 1398 1123 1476 post
1145 1395 1315 1476 sapientiae
1330 1415 1354 1454 n

204 1497 367 1560 saecularis
389 1496 580 1561 institutione
598 1497 712 1560 reiecta
726 1513 849 1578 comere
865 1497 968 1560 anima
983 1500 1014 1560 et
1029 1498 1137 1579 spirita
1156 1496 1314 1579 inquibus

203 1599 294 1663 homo
317 1599 449 1662 uincitur
475 1598 605 1663 triformi
632 1599 767 1680 decalogi
788 1599 820 1662 in
842 1597 929 1662 nobis
950 1599 1019 1682 lege
1040 1603 1180 1681 reparata
1198 1601 1314 1665 mensis

126 1707 180 1761 106
204 1700 258 1764 fiat
286 1701 401 1764 domini
432 1704 464 1765 et
492 1702 636 1765 natiuitas
666 1704 802 1783 tempore
824 1697 833 1785 ll
854 1700 1083 1765 enonmseribta
1113 1703 1252 1766 uincetur
1279 1703 1314 1768 in

203 1803 302 1883 nobis,
317 1805 471 1885 qnoniam,
488 1805 567 1867 sieut
581 1803 729 1867 scribtum
745 1807 801 1882 est,
817 1802 1031 1867 constitutis
1046 1805 1208 1868 terminis
1226 1823 1314 1888 gen·

203 1906 295 1969 tium
317 1907 516 1970 secundum
537 1924 705 1969 numeros
728 1907 951 1988 angelorum,
974 1924 1044 1969 cum
1067 1907 1180 1970 decada
1197 1908 1353 1972 saeculis

202 2008 345 2098 uincitur,
376 2009 544 2072 dominicae
567 2008 697 2071 decadae
719 2008 867 2072 mandata
891 2013 1081 2090 reparantur,
1105 2013 1135 2072 et
1162 2009 1231 2073 inde
1254 2015 1312 2090 est,

202 2111 283 2191 qnod
303 2111 336 2174 in
364 2111 509 2192 mysterio
540 2111 657 2174 domini
684 2115 737 2173 eut
759 2111 893 2175 decimae
922 2111 1076 2174 fructuum
1105 2115 1250 2194 petuntm
1277 2113 1313 2176 in

201 2214 269 2296 lege
286 2218 340 2276 aut
360 2214 392 2277 in
408 2213 555 2277 uincendo
570 2213 712 2295 Aegypto
727 2213 765 2276 ad
781 2213 1024 2295 praeparandum
1046 2214 1160 2295 pascha
1174 2215 1311 2279 mensis

202 2318 340 2380 decima
353 2317 535 2398 postuletur,
552 2316 697 2396 quoniam
711 2316 763 2396 qui
778 2316 810 2379 in
824 2313 923 2379 tribus
938 2319 1045 2397 potens
1060 2316 1182 2381 initium
1197 2312 1311 2380 medie-

201 2424 296 2482 tatem
319 2422 350 2482 et
364 2417 787 2505 consummationem-mundi
801 2417 834 2481 in
855 2436 889 2481 se
910 2419 1061 2502 operantis
1085 2416 1225 2504 evicerit,
1247 2436 1310 2483 non
1324 2438 1351 2479 aa

202 2526 236 2584 ut
250 2520 443 2604 oblegaretar
457 2525 594 2603 tempore
609 2519 731 2584 uenisse
746 2539 789 2600 ee,
812 2521 866 2584 sed
880 2523 915 2583 nt
928 2520 1064 2584 uinceret
1077 2522 1264 2604 recognoscit
1278 2527 1312 2586 et

202 2623 326 2688 credens
343 2624 474 2688 aeternis
493 2616 735 2706 intemporabilis
750 2623 849 2686 lactus
864 2623 1015 2705 intellegit
1029 2623 1109 2704 qnod
1124 2640 1214 2687 omne
1228 2625 1311 2706 quod

202 2726 247 2790 eol
269 2725 329 2789 diei
353 2727 429 2790 lune
449 2724 531 2790 nocti
552 2726 700 2790 minuitur
721 2728 775 2789 ent
796 2725 905 2789 erescit
926 2741 987 2788 non
1008 2724 1160 2808 inperium
1181 2726 1310 2810 captiui·

201 2828 273 2891 tatis
294 2832 426 2908 nostrae,
456 2828 510 2893 sed
531 2827 693 2917 operabilis
720 2826 893 2891 constitutio
915 2827 956 2891 sit
982 2830 1120 2908 neenec,
1147 2831 1309 2910 totumque

202 2931 282 3010 qnod
303 2930 436 2994 uiximus
458 2930 682 2996 reuertentibus
704 2930 790 2994 nobie
813 2929 851 2993 ad
873 2948 969 3013 genus
991 2933 1129 2994 nostrum
1151 2931 1348 2996 nocebitnrar

201 3034 314 3115 paseha
329 3034 451 3113 domini,
467 3051 527 3097 non
542 3051 618 3115 opus
634 3033 749 3113 mnndi,
769 3033 848 3097 sicut
862 3032 1009 3096 scribtum
1024 3036 1085 3097 est:
1106 3051 1171 3122 ego
1186 3035 1313 3099 ere‘aui·

116 3175 120 3184 =
201 3153 340 3199 omnem
356 3136 534 3199 militiam
556 3136 648 3200 caeli
671 3138 707 3199 et
728 3153 797 3199 non
818 3136 919 3214 iussi,
948 3138 988 3199 nt
1008 3135 1209 3201 adoraretis
1232 3136 1273 3203 ei.
1299 3133 1310 3224 Ι

242 3290 243 3293 ‘
305 3313 525 3376 mamaeae.
626 3315 661 3369 re
677 3290 815 3376 monna,
828 3314 844 3368 e
855 3305 950 3381 'aem
972 3310 1072 3366 reema
1092 3300 1201 3377 menen
1216 3313 1309 3383 nna:

202 3398 302 3453 decima
319 3398 360 3452 die
377 3399 491 3466 mensis).
561 3398 763 3475 26Hos.18‚4.
801 3430 802 3433 =
1078 3408 1080 3412 ⁴

148 3543 151 3546 ⁴
244 3583 260 3636 2
286 3562 597 3661 beurctdaecrpto',
625 3577 713 3632 uooab.
741 3586 819 3648 Αες»
846 3564 937 3632 minor.
960 3578 1011 3632 litt.
1034 3579 1121 3647 serim
1225 3570 1308 3643 ibo

203 3691 402 3812 migrettxlclur}
414 3750 524 3804 conicias
536 3758 710 3810 Numeltls
754 3733 987 3821 llbecadlo‘cl,
1000 3749 1064 3815 elin
1073 3766 1162 3804 uersus
1171 3750 1233 3820 dne)
1241 3766 1308 3836 arna

202 3908 236 3962 ao
254 3887 643 3992 ccmslom'mjanomem
723 3859 1048 3983 rmefio'pecc'ffiemne,
1061 3907 1124 3962 nec
1142 3898 1180 3963 c'c
1193 3920 1243 3958 ras.
1256 3903 1308 3959 det

210 4019 212 4022 ⁴
246 3990 433 4094 eutceellttl,
443 4010 503 4084 pest
512 4013 643 4081 cilicet,
655 4006 727 4061 errius
735 4000 857 4059 nltimam
866 3998 982 4058 litteram
994 4006 1120 4074 posterior
1129 4021 1222 4068 manns
1233 4002 1310 4061 eddi·

203 4161 270 4216 disse
279 4162 391 4231 uidetur,
400 4165 476 4216 uacet
485 4160 598 4229 spatium
607 4159 687 4213 trium
696 4153 739 4212 nel
747 4144 870 4226 quattuor
878 4158 1024 4213 litterarum
1057 4117 1308 4221 231υΝΑεΝ-οεῐι
