2812 4634
226 286 268 351 32
674 278 885 358 Prisoilliani

228 457 289 521 nisi
316 456 473 523 Christum
502 458 594 521 deum
623 457 672 521 dei
701 457 813 537 filium,
842 458 895 539 qui
923 476 978 541 pro
1004 460 1092 526 nobis
1118 460 1280 530 orueifixus
1307 463 1342 526 in

226 559 352 624 nomine
377 576 432 622 suo
457 558 647 641 baptismum
674 559 863 623 remissionis
889 561 1037 641 ostendit,
1062 563 1294 645 praedestinans
1322 582 1341 626 a

226 661 375 744 principio
397 659 511 733 saeouli
524 655 565 724 'in
582 660 714 742 profetia
734 661 871 725 eleetos
894 681 988 742 suos,
1010 663 1176 745 exquibus
1196 664 1339 729 Christus

227 763 395 826 seeundum
417 780 540 825 earnem
562 762 642 826 siout
663 764 695 825 et
715 763 871 844 generatio
894 764 1009 827 domini
1030 765 1063 829 iu
1082 766 1262 849 euuangelio
1283 785 1340 848 per·

164 904 166 908 v
227 882 278 928 eos
300 864 447 946 disposita
470 865 501 926 et
522 863 621 927 edicta
642 863 805 944 retinetur,
832 883 886 946 per
908 883 983 946 quos
1005 866 1161 947 profetans
1183 886 1216 931 se
1238 868 1371 932 domi-⁵·

226 985 284 1053 nus
305 967 455 1029 aduentus
474 965 522 1028 sui
536 966 595 1029 iter
613 966 776 1047 praestitit,
800 967 879 1030 sieut
898 966 1048 1031 scribtum
1066 972 1127 1032 est:
1150 969 1338 1034 effundam

164 1078 202 1132 39
225 1068 268 1141 de
290 1066 425 1150 spiritu
446 1062 456 1150 ῙΙ
476 1085 553 1130 meo
580 1084 687 1148 super
708 1086 848 1131 omnem
875 1085 1020 1132 earnem
1042 1071 1078 1133 et
1097 1069 1338 1152 profetabunt

225 1168 301 1234 filii
326 1171 362 1232 et
387 1169 491 1232 filiae
518 1185 639 1232 eornm
665 1171 701 1232 et
726 1169 878 1248 iuuenes
905 1188 1027 1234 eorum
1048 1171 1129 1235 uisa
1152 1171 1338 1236 uidebant·

164 1309 166 1311 ·
225 1273 261 1334 ot
282 1289 388 1335 senes
410 1270 551 1334 somnia
577 1269 826 1351 somniabunt,
853 1272 1055 1352 etquidem
1081 1291 1189 1355 super
1211 1288 1337 1338 seruos

221 1362 431 1437 ‘etanoilles
453 1390 551 1435 meas
573 1371 760 1435 effundam
782 1372 823 1440 de
843 1373 977 1455 spiritu
999 1392 1076 1438 meo
1095 1377 1134 1438 et
1152 1373 1337 1457 debovpro-
1352 1394 1381 1433 ro

224 1473 325 1557 digia
338 1474 375 1538 in
389 1473 488 1538 eaelo
504 1492 626 1537 susum
648 1476 684 1537 ot
699 1473 805 1557 signa
822 1476 1003 1549 deorsum3
1026 1477 1081 1548 sol
1101 1480 1337 1540 sonuertetur·

223 1575 260 1639 in
286 1574 449 1640 tenebris
475 1578 510 1639 et
535 1576 624 1639 luna
649 1576 686 1639 in
713 1577 942 1659 sauguinem,
968 1577 1183 1658 priusquam
1209 1578 1337 1642 ueniet

223 1677 300 1741 dies
326 1696 478 1760 maguus
504 1677 655 1751 domiui;
685 1679 722 1741 et
746 1678 830 1754 erit:
862 1678 1079 1760 quicumque
1105 1679 1338 1743 inuocauerit

223 1797 352 1843 nomen
373 1779 509 1843 domiui
531 1778 657 1843 saluus
680 1769 759 1843 orit.
789 1778 827 1843 In
849 1797 909 1861 quo
931 1783 963 1844 et
983 1797 1039 1844 nos
1061 1796 1123 1845 nou
1138 1780 1336 1863 desperemus

222 1880 307 1961 loqui
321 1880 358 1944 de
369 1898 414 1959 eo,
429 1880 502 1961 quia
512 1881 627 1944 nullius
641 1879 805 1962 prohibens
821 1884 875 1945 aut
889 1881 1086 1963 intercipiens
1098 1881 1241 1967 spiritum
1252 1887 1337 1946 oorto
1352 1903 1381 1942 1⁵

222 1982 369 2064 profetise
390 1982 451 2046 fine
473 1983 631 2061 oonolusrt,
654 1982 708 2046 sed
729 1986 765 2046 ut
786 1999 892 2046 omnes
914 1983 968 2064 qui
993 1982 1118 2046 eradent
1143 2001 1215 2047 eum
1239 1982 1336 2048 libere

209 2083 261 2154 de
283 2100 318 2147 eo
343 2083 539 2165 loquerentur
564 2083 708 2158 indulsit;
739 2085 819 2148 siout
841 2081 846 2169 Ι
870 2088 902 2148 ot
927 2084 960 2149 iu
982 2084 1162 2168 euuangelio
1186 2084 1337 2149 scribtum

122 2213 124 2218 ·
223 2188 284 2249 est:
310 2184 526 2249 benedictus
549 2186 637 2249 dens
664 2185 725 2267 qni
747 2185 922 2250 uisitauit
947 2188 983 2249 et
1004 2186 1095 2250 feeit
1115 2188 1338 2269 redemptio·

223 2305 302 2351 nem
322 2286 442 2369 plebis
457 2305 543 2350 suae
565 2289 601 2350 et
616 2288 732 2351 erexit
753 2305 902 2351 eorunm
924 2288 961 2351 in
975 2288 1078 2352 domo
1092 2287 1221 2368 Dauid,
1237 2289 1338 2353 sieut·

221 2389 365 2453 loeutus
399 2394 455 2452 est
482 2407 550 2471 per
579 2407 619 2452 os
651 2392 860 2453 sanctorum
894 2407 1040 2453 suorum
1073 2389 1383 2472 pro'phetarumao

222 2492 284 2575 qni
306 2491 347 2555 ab
371 2479 583 2565 aeuo'sunt3
605 2491 686 2555 siout
707 2495 738 2555 et
752 2484 830 2554 Tobi
850 2491 971 2574 profete
991 2492 1035 2556 ait
1055 2493 1094 2556 ad
1114 2491 1214 2556 filium
1228 2510 1337 2557 suum:

222 2613 287 2659 nos
308 2594 368 2657 fili
386 2594 612 2676 profetarum
635 2611 772 2667 sumus;
793 2591 868 2656 Noe
886 2593 1125 2674 professoris,
1146 2592 1337 2658 Abraham

222 2695 304 2759 Iseo
325 2698 360 2759 et
377 2694 485 2760 Iaoob
508 2699 544 2759 et
558 2712 681 2759 omnes
702 2698 825 2777 patres
847 2695 965 2758 nostri
986 2694 1048 2775 qni
1069 2693 1112 2758 ab
1134 2695 1243 2759 initio
1258 2713 1337 2759 sao-

222 2797 297 2860 enli
317 2797 610 2879 profetauerunt;
633 2796 713 2873 siout
727 2799 759 2860 et
772 2795 864 2859 Iudas
880 2797 1036 2878 apostolus
1051 2796 1108 2860 ait:
1129 2797 1337 2879 profetauit

222 2899 263 2961 de
284 2899 341 2962 his
364 2898 541 2981 septimus
564 2897 606 2960 ab
625 2897 738 2961 Adam
760 2897 856 2961 Enoc
877 2897 1017 2961 dioens:
1040 2899 1133 2961 ‘enee
1154 2897 1257 2962 uenit
1277 2899 1336 2963 do·
1351 2921 1379 2961 aa

223 3000 341 3064 miuus
371 2999 408 3064 iu
430 2999 570 3063 sanetis
600 2997 750 3062 milibus
773 3000 849 3063 suis
878 2999 998 3062 faeere
1026 2998 1229 3074 indicium’3
1254 3000 1337 3064 siout

322 3188 339 3242 3
365 3183 398 3240 of.
424 3185 504 3239 Mare.
533 3186 572 3248 13,
599 3186 640 3240 27.
760 3186 776 3238 6
803 3182 861 3238 Aet.
887 3186 912 3249 2,
941 3185 1053 3245 17-21;
1079 3182 1134 3237 Ioel
1159 3182 1196 3246 11.
1222 3185 1335 3240 28—82.

224 3273 256 3328 18
272 3270 335 3325 Luo.
354 3273 377 3335 1,
396 3272 503 3326 68-70.
573 3271 606 3324 22
623 3268 686 3322 fob.
704 3270 729 3333 4,
749 3271 780 3324 13
797 3268 879 3336 (loeus
895 3268 924 3322 in
941 3283 1008 3322 uera.
1026 3266 1141 3336 Uulgata
1158 3283 1211 3320 non
1227 3267 1335 3336 legitur,

222 3358 307 3410 exstet
323 3357 412 3408 famen
428 3355 457 3407 in
473 3353 559 3423 Itala).
629 3356 663 3410 24
680 3369 719 3422 ep.
737 3352 818 3406 Iudas
836 3355 875 3408 14.
895 3355 934 3407 15.

264 3533 455 3651 θοῶἷιεε,
484 3585 541 3634 om
569 3573 615 3628 un.
638 3571 688 3630 del.
790 3573 1106 3649 sommraoor'otun,
1132 3584 1179 3632 uu
1208 3572 1254 3626 lin
1282 3572 1333 3628 del.

224 3699 256 3752 12
272 3693 452 3761 tensanus]
475 3694 503 3747 in
520 3691 696 3746 mensurum
713 3693 815 3745 mutare
833 3690 952 3759 displicet
1033 3695 1065 3748 14
1084 3681 1331 3775 desperamus,

156 3830 159 3835 ·
225 3825 283 3875 fex
302 3826 309 3872 1
329 3829 395 3867 sorr.
516 3771 704 3869 15Νυ111υ5
815 3812 847 3864 16
865 3803 1029 3869 comtusrt
1165 3797 1335 3878 (κΕδΕΝῖΙ

223 3931 426 3986 taruennicus
446 3920 646 3990 consterneret
741 3927 1109 3996 montemaureum
1212 3929 1246 3982 22
1265 3937 1333 4010 pno

281 4039 665 4130 fort-aouabamrsacer

190 4192 192 4196 Α
226 4131 445 4207 petaracoeer
