2812 4634
165 311 207 375 96
615 328 819 396 araterrium

165 484 378 549 constituimus
399 485 532 564 incertis,
563 484 779 548 cotidianorum
801 484 833 547 in
855 484 941 548 nobis
971 485 1037 548 fieri
1066 485 1147 549 bella
1176 491 1277 551 certa-

165 587 285 651 minum
299 588 394 650 etiam
408 587 577 668 apostolicis
592 586 718 650 uocibus
734 586 895 650 edocemur
911 587 1028 650 dicente
1044 587 1081 650 ad
1096 605 1152 651 nos
1162 589 1275 653 Paulo:

166 705 247 758 caro
268 689 497 772 concupiscit
518 689 693 752 aduersus
709 688 888 769 spiritum,
911 689 1063 770 spiritus
1085 693 1205 754 autem
1220 691 1276 769 ad-

165 809 293 855 uersus
315 808 472 863 carnem;
502 790 590 855 haec
612 790 770 866 inuicem
791 789 863 853 sibi
884 791 1122 872 altercantur,
1144 796 1276 857 utnon

34 891 36 894 ⁴
98 934 101 938 -
165 910 254 974 quae
282 892 448 956 uolumus
477 892 662 971 faciamus,
692 895 724 956 et
748 892 819 973 quia
841 888 845 977 t
868 891 1021 956 humanae
1048 894 1276 976 intellegentiae
1301 924 1311 963 r

165 1014 273 1060 sensus
303 997 334 1057 et
361 994 438 1058 ratio
461 995 668 1060 communium
694 993 872 1076 opinionum
901 1012 962 1059 non
984 996 1089 1059 statim
1119 998 1276 1078 apostolici

165 1096 312 1162 sermonis
335 1101 366 1162 et
387 1097 525 1164 caelestis
547 1096 664 1160 consilii
686 1113 780 1178 capax
795 1098 886 1176 esset,
908 1097 1102 1178 insequenter
1117 1100 1274 1180 apostolus

164 1201 287 1280 Paulus,
317 1219 371 1264 cur
391 1200 587 1282 peccantibus
609 1199 695 1264 nobis
725 1199 846 1263 deuicta
866 1200 948 1264 uitiis
970 1219 1040 1266 earo
1062 1205 1093 1265 et
1120 1203 1274 1268 humanae

162 1304 245 1368 uitae
266 1303 392 1367 ambitio
414 1301 594 1382 subiaceret,
617 1302 749 1366 ostendit
763 1302 880 1366 dicem:
903 1319 971 1367 non
995 1307 1050 1367 est
1070 1304 1174 1368 uobis
1196 1322 1274 1370 con·

163 1406 317 1469 luctatio
346 1408 472 1469 contra
504 1422 649 1468 earnem
678 1407 714 1468 et
745 1405 969 1486 sanguinem,
1002 1407 1065 1469 sed
1096 1406 1272 1472 aduersus
1287 1435 1311 1474 1e

163 1508 347 1591 principes
376 1511 412 1573 ot
439 1510 644 1590 potestates
674 1507 799 1571 mundi
823 1507 929 1571 huius
957 1512 1117 1573 rectores
1146 1509 1273 1574 harum

81 1587 140 1671 '131
165 1611 412 1690 tenebrarum,
441 1610 616 1673 aduersus
646 1609 830 1692 spiritalia
857 1610 1043 1691 nequitiae
1064 1607 1073 1696 ΙΙ
1093 1611 1130 1674 in
1158 1614 1272 1676 caele-

163 1711 296 1787 stibus;
319 1713 399 1776 siout
419 1716 450 1776 et
470 1712 615 1776 Iohannis
638 1711 694 1775 ait:
716 1711 792 1784 uidi
813 1715 887 1776 tres
907 1712 1058 1794 spiritus
1079 1713 1271 1779 inmundos

163 1818 345 1895 tamquam
374 1822 448 1879 tres
470 1832 577 1878 ranas
610 1816 783 1879 exeuntes
813 1813 854 1877 de
876 1831 936 1878 oro
965 1815 1271 1898 pseudoprofetae

159 1922 199 1979 ‘et
218 1917 260 1980 de
281 1933 341 1981 ore
358 1917 499 2008 bestiae
519 1915 619 1980 ethii
641 1917 724 1979 sunt
738 1918 812 1980 tres
831 1916 985 1998 spiritus
1001 1917 1270 1981 daemoniorum
1286 1944 1311 1991 re

164 2019 223 2098 qui
244 2019 444 2100 procedunt
465 2018 507 2082 ad
529 2016 799 2081 conturbandos
821 2035 925 2099 reges
947 2021 1076 2098 terrae,
1106 2022 1137 2082 et
1157 2020 1271 2083 itemm

163 2121 228 2202 ipse
256 2120 357 2184 Dauid
384 2121 457 2202 quid
484 2121 516 2184 in
545 2119 631 2183 nobis
659 2123 810 2202 pugnaret
838 2120 1001 2183 ostendens
1031 2121 1087 2184 ait:
1117 2120 1270 2202 domino,

162 2223 397 2303 iniquitatem
432 2240 547 2286 meam
584 2238 648 2305 ego
681 2227 843 2305 agnosco
873 2225 908 2286 et
943 2220 1117 2286 delictum
1153 2241 1270 2287 meum

162 2327 288 2388 contra
309 2343 363 2388 me
379 2327 435 2389 est
449 2342 602 2406 semper,
625 2326 656 2388 et
671 2323 825 2406 apostolus
847 2323 885 2386 de
901 2340 935 2387 eo
954 2324 1081 2404 loquens
1096 2325 1153 2388 ait:
1174 2326 1270 2388 unde

161 2425 270 2512 bella,
287 2427 385 2511 unde
399 2426 497 2490 rixae
518 2426 554 2489 in
568 2425 694 2489 uobis?
716 2418 833 2489 nonne
848 2425 890 2488 de
908 2425 1167 2493 uoluntatibus
1181 2424 1268 2510 uos-t
1283 2453 1308 2493 ro

162 2527 240 2607 tris,
263 2526 354 2610 quae
374 2528 536 2592 militant
553 2528 589 2590 in
603 2527 775 2598 membris
789 2527 952 2591 uestris?
972 2529 1084 2609 ut,'qui
1098 2528 1270 2592 diuinorum

162 2634 393 2714 praeceptorum
413 2632 445 2694 in
467 2649 500 2694 se
522 2647 597 2712 opus
619 2631 722 2710 uellet,
751 2630 894 2694 uniuersa
914 2631 947 2694 in
969 2649 1001 2694 sa
1023 2630 1167 2693 uitiorum
1188 2630 1270 2694 bella

162 2731 325 2798 denincens
347 2751 408 2798 non
437 2734 536 2796 solum
558 2733 657 2796 carnis
687 2733 793 2796 sedet
819 2733 1038 2815 cogitationum
1064 2732 1143 2796 idest
1165 2734 1270 2815 spiri-

162 2834 290 2898 talium
318 2836 562 2917 nequitiarum
592 2833 840 2916 concupiscentiis
864 2833 1030 2898 abstineret
1052 2837 1084 2898 ot
1107 2834 1269 2916 gentilium

162 2935 342 3003 daemonum
364 2939 396 3001 in
418 2957 451 3001 se
472 2937 619 3000 ueneficia
641 2937 818 3018 despiciens,
840 2937 889 2999 oui
910 2936 1025 3000 tributa
1047 2937 1269 3017 peccaminum,
1282 2963 1305 3003 a

161 3045 209 3108 cui
221 3042 371 3124 stipendia
381 3041 534 3117 uitiorum,
549 3039 597 3102 cui
612 3040 736 3103 timores
751 3039 958 3117 formidinum,
973 3039 1021 3101 cui
1036 3039 1165 3101 honores
1181 3057 1270 3120 prae-

80 3157 139 3212 132
162 3145 347 3211 tereuntium
359 3144 542 3226 dignitatum
557 3141 674 3205 deditus
690 3142 810 3204 saeculo
825 3141 915 3204 homo
931 3140 1065 3221 deberet,
1081 3138 1270 3223 agnoscetret

10 4254 81 4360 ἱ

261 3279 351 3334 adal.
366 3280 441 3342 5,17.
494 3276 592 3345 9Eph.
605 3278 629 3339 6,
643 3277 681 3330 ia.
735 3277 767 3329 13
785 3274 1024 3343 Αροο.16,13.14.
1083 3276 1114 3329 l'l
1132 3273 1176 3327 Pa.
1189 3277 1231 3338 50,
1244 3278 1268 3329 5.

163 3370 194 3423 19
211 3366 262 3419 Iac.
274 3367 298 3428 4,
312 3368 334 3420 1.
403 3365 436 3418 23
454 3362 486 3417 cf.
498 3361 564 3430 Eph.
576 3363 600 3424 6,
614 3363 654 3414 12.

261 3488 276 3540 5
293 3483 428 3550 Hilarius,
447 3482 478 3536 dc
494 3483 557 3536 tria.
573 3481 636 3547 VH,
649 3483 697 3533 16:
714 3477 878 3546 Quamquam
890 3479 970 3546 igitur
986 3479 1063 3532 huius
1075 3477 1268 3546 intellegentiae

159 3575 261 3626 nostrae
278 3568 374 3622 iudicia
392 3583 450 3621 cum
466 3565 575 3620 humani
593 3581 682 3618 sensus
700 3565 819 3633 opinione
837 3565 985 3617 eommunia
1003 3565 1063 3627 sint,
1082 3567 1130 3617 etc.

202 3711 218 3764 8
237 3715 304 3765 coe
322 3704 421 3772 scripsi,
439 3703 507 3756 eod:
527 3683 587 3760 cor¹
657 3704 686 3757 11
706 3709 910 3783 potestatam,
932 3711 943 3760 r
962 3716 991 3752 ex
1006 3712 1013 3758 r
1029 3699 1090 3753 fact.
1161 3703 1194 3756 12
1214 3710 1268 3760 roe

161 3792 316 3892 (ῙυΙῘΙΙΑεΙ,
335 3815 382 3867 Αε
399 3807 427 3858 in
444 3821 526 3872 marg.
539 3804 642 3872 eiusque
660 3803 712 3857 litt.
730 3812 749 3862 ε
767 3817 901 3871 perperam
919 3801 965 3856 lin.
984 3801 1033 3855 del.
1087 3803 1119 3887 ll
1132 3793 1267 3885 pseubo

158 3970 302 4046 pltofete
405 3918 902 4038 192Αεβε11,111ἰη.11ρι1110101191.
1004 3957 1038 4009 20
1058 3947 1265 4024 volumtas.

159 4081 237 4134 supra
253 4080 278 4134 p.
292 4066 331 4127 aa,
345 4066 376 4119 17
451 4064 484 4116 25
504 4068 701 4140 cerretum,
726 4056 878 4127 cl.p.21‚3
956 4040 1186 4137 brs'prcrerroS,
1208 4069 1218 4118 r
1237 4072 1265 4109 ex

161 4179 168 4225 r
188 4182 261 4230 corr,
279 4167 338 4245 ante
358 4177 389 4223 Ν
409 4177 471 4216 eras.
493 4174 500 4220 l
583 4164 616 4216 27
635 4158 902 4234 ΑςΝοΞίΕᾸὶκΕΕῐ,
922 4157 954 4212 cf.
968 4160 1008 4222 52,
1021 4161 1053 4214 11
1072 4157 1123 4225 (60,
1136 4161 1171 4228 5).·
