2850 4628
143 270 202 335 154
584 283 677 339 Pauli
701 283 806 338 Orosii

141 442 273 524 corporis
305 434 382 506 caeli
415 442 504 525 signa
536 461 603 509 esse
637 441 784 524 disposite
815 441 894 505 idest
927 441 1055 505 arietem
1083 441 1115 505 in
1145 441 1254 522 capite,

139 550 262 610 taurum
290 544 322 608 in
351 546 478 624 ceruice,
507 545 646 629 geminos
672 544 704 607 in
726 543 869 623 brachiis,
899 562 1044 607 cencmm
1072 543 1104 607 in
1132 549 1255 625 pectore

140 651 172 712 et
193 652 304 727 cetera,
327 648 434 711 uolens
454 646 652 729 subintellegi
675 645 817 710 tenebras
839 651 979 710 aeternas
1002 650 1034 710 et
1055 664 1090 709 ex
1109 645 1158 710 his
1172 647 1256 728 prin·

139 751 238 833 cipem
268 750 373 814 mundi
401 750 596 833 processisse,
625 752 657 813 et
685 749 743 813 hoc
771 749 873 831 ipsum
903 748 1087 813 confirmans
1114 767 1150 812 ex
1176 748 1255 813 libro

90 933 92 936 Α
139 853 270 934 quodam
300 853 352 934 qui
380 850 556 917 inscribitur
585 852 743 915 ‘memoria
771 851 998 933 apostolorum,
1031 851 1085 915 ubi
1118 853 1290 916 saluatore

139 955 317 1038 interrogari
344 972 363 1019 a
393 955 548 1037 discipulis
571 954 692 1018 uidetur
721 956 839 1018 secreto
862 957 893 1018 et
921 954 1081 1018 ostendere
1103 954 1141 1018 de
1165 972 1255 1036 para·

139 1056 209 1122 bola
231 1057 410 1140 euangelica
431 1075 508 1139 quae
536 1056 631 1122 habet
653 1057 743 1121 exiit
764 1056 951 1120 seminans
974 1057 1157 1121 seminare
1183 1057 1255 1139 quie

140 1178 199 1225 non
229 1160 322 1224 luerit
351 1159 517 1225 seminetor
545 1160 655 1239 bonus,
685 1160 829 1224 adserens
859 1159 980 1241 quiesi
1007 1159 1107 1224 bonus
1133 1160 1253 1241 fnisset,

140 1281 200 1328 non
222 1263 332 1327 luisset
362 1263 528 1347 neglegens
550 1263 601 1327 uel
630 1280 735 1327 secus
764 1263 860 1326 niem
884 1262 934 1326 uel
955 1262 992 1326 in
1019 1263 1180 1344 petrosis
1204 1263 1253 1327 uel

139 1367 174 1430 in
201 1365 353 1429 incultis
382 1365 496 1429 iaceret
525 1384 641 1445 semen,
670 1366 777 1430 uolens
799 1365 937 1449 intellegi
966 1366 1048 1429 hunc
1070 1383 1139 1429 esse
1161 1367 1253 1440 serni-
1267 1393 1290 1432 n

139 1471 264 1532 nantem
287 1466 339 1548 qni
361 1467 480 1532 animas
502 1472 607 1550 neptas
637 1471 795 1550 spargeret
815 1468 847 1530 in
869 1484 995 1550 corpore
1024 1467 1146 1532 diuersa
1174 1465 1253 1551 quae

137 1570 240 1635 uellet.
265 1569 302 1634 In
325 1586 384 1651 quo
407 1569 500 1634 etiam
522 1570 601 1634 libro
623 1569 661 1634 de
683 1569 818 1652 principe
840 1569 1035 1634 humidorum
1056 1573 1088 1634 et
1109 1570 1146 1635 de
1168 1571 1252 1653 prin=

139 1674 203 1754 cipe
226 1672 305 1755 ignis
328 1671 461 1754 plurime
483 1672 564 1736 dicte
587 1675 669 1752 sunt,
699 1672 806 1736 uolens
836 1672 974 1755 intellegi
1002 1675 1077 1751 erte,
1107 1690 1170 1737 non
1198 1691 1253 1756 po·

138 1775 234 1839 tentia
264 1773 311 1838 dei
341 1775 444 1838 omnia
471 1773 554 1838 bona
581 1773 632 1857 egi
661 1775 693 1838 in
723 1773 780 1838 hoc
803 1774 924 1839 mundo.
969 1772 1053 1838 Dicit
1078 1775 1161 1838 enim
1184 1795 1252 1840 esse

137 1866 290 1960 uirginem
320 1877 474 1958 quandam
503 1878 618 1956 lucem,
648 1895 740 1958 quem
771 1876 846 1940 deus
875 1877 981 1941 uolens
1011 1877 1083 1941 dare
1111 1879 1250 1961 pluuium
1267 1905 1288 1944 e

137 1978 313 2045 hominibus
338 1980 467 2062 principi
496 1980 691 2044 humidomm
720 1979 874 2058 ostendet,
905 1979 966 2061 qni,
996 1980 1070 2043 dum
1099 1998 1168 2045 eam
1198 1982 1251 2045 ed-

137 2081 324 2166 prehendere
346 2082 440 2163 cupit,
464 2085 635 2146 commotus
657 2081 805 2146 consudet
827 2085 858 2145 at
878 2081 1014 2164 pluuium
1036 2082 1130 2147 leoiet
1151 2086 1184 2147 et
1198 2084 1251 2147 de-

137 2186 263 2249 stitutus
287 2184 325 2247 eb
348 2201 384 2248 eo
406 2184 527 2268 mugitu
549 2202 604 2249 suo
626 2185 761 2249 tonitrua
776 2184 914 2248 concitet.
948 2183 1130 2249 Trinitatem
1145 2189 1249 2250 autem

138 2288 201 2352 solo
230 2286 324 2351 uerbo
352 2284 543 2368 loquebatur,
574 2305 646 2351 nem
675 2287 819 2351 unionem
849 2284 964 2370 absque
986 2287 1049 2351 ulla
1071 2287 1251 2352 exsistentia

237 2481 365 2536 rustes.
384 2485 423 2545 ιιι,
440 2484 456 2537 e
474 2482 520 2550 (se
530 2453 728 2537 Praenestinae
746 2482 777 2537 ee
794 2483 891 2538 enee.
904 2482 948 2537 re.
962 2483 995 2550 1,
1007 2499 1028 2538 ο.
1041 2484 1092 2551 ss).
1115 2545 1117 2549 ,
1180 2483 1248 2540 eor.

136 2568 230 2622 meru.
246 2570 284 2631 re,
298 2569 321 2622 4.
335 2571 358 2622 5.

238 2741 251 2794 1
271 2741 383 2807 August.
396 2741 413 2794 1.
427 2741 489 2808 l.,p.
501 2744 566 2796 217.-
585 2743 854 2808 estruuntaeeorpus
877 2745 994 2794 uostmm
1017 2739 1161 2798 secundum
1184 2741 1249 2796 duo·

136 2824 220 2878 decim
239 2824 312 2892 signu
331 2824 395 2877 caeli
413 2841 468 2878 esse
485 2818 666 2893 compositum,
684 2825 752 2878 sicut
768 2824 797 2878 hi
814 2825 859 2893 qui
876 2825 1056 2881 mathematici
1066 2826 1147 2896 uulgo
1160 2829 1249 2897 eppei·

135 2908 232 2973 buntur,
249 2909 438 2968 constituentes
455 2909 484 2963 in
501 2909 585 2978 capite
604 2910 718 2973 arietem,
737 2915 841 2964 teumm
859 2909 888 2964 in
905 2910 1012 2975 ceruice,
1029 2910 1147 2979 geminos
1159 2912 1187 2967 in
1197 2914 1248 2967 hu-.

135 2994 221 3058 meris,
237 3009 364 3050 cenorum
380 2994 407 3047 in
425 2997 528 3062 pectore
546 2998 573 3049 ot
590 2999 676 3049 estere
693 2995 848 3049 nominatim
866 2995 942 3065 signe
957 3000 1136 3064 percurrentes
1153 3014 1175 3052 e.
1188 3013 1212 3066 qr
1225 3016 1247 3054 s.

135 3083 151 3136 5
163 3085 240 3134 m'om.
250 3079 303 3149 ap]
321 3079 354 3133 cl.
363 3078 505 3134 Lnebkerti
516 3079 614 3133 libmm
629 3079 656 3133 in
669 3080 750 3149 praef.
760 3086 849 3134 nostre
861 3080 940 3150 oapi
952 3080 1119 3150 appellatum,
1129 3099 1155 3152 p.
1166 3085 1198 3139 19
1207 3100 1247 3152 sq.

135 3164 173 3233 (et
188 3166 258 3221 Isca.
277 3183 320 3234 ep.
340 3165 477 3231 Tbcodor,
493 3164 581 3234 lligne
598 3171 672 3234 patr..
683 3182 722 3234 gr.
740 3167 781 3229 83,
797 3167 865 3234 351).
944 3169 976 3223 14
996 3167 1029 3221 of.
1045 3167 1177 3223 Lueblrert
1193 3169 1210 3222 l.
1227 3169 1246 3224 1

121 3266 159 3320 p.
169 3252 201 3307 31
211 3265 257 3318 sq..
267 3249 300 3304 al.
313 3250 350 3317 (et
358 3265 436 3318 supro
446 3267 472 3319 p.
482 3252 522 3312 24,
535 3253 583 3319 14).
634 3253 666 3307 18
678 3251 772 3321 trinit]
785 3249 817 3305 cf:
830 3267 909 3320 supra
920 3268 944 3320 p.
955 3254 997 3316 37,
1006 3254 1051 3318 21;
1061 3255 1102 3316 89,
1114 3256 1158 3318 15;
1167 3255 1210 3318 49,
1219 3258 1245 3310 3.

178 3422 193 3479 1
219 3420 361 3489 disposite,
387 3421 418 3474 ie
443 3437 496 3476 ras.
526 3439 595 3476 mee.
622 3427 638 3475 1
666 3423 693 3476 B
739 3411 741 3419 ’
777 3424 867 3492 dpro
894 3427 999 3492 pectore
1025 3426 1082 3480 ext.
1108 3425 1192 3496 cupite
1218 3430 1245 3483 A

133 3508 151 3562 4
168 3505 335 3576 praecessisse
353 3507 379 3560 A
465 3508 492 3560 et
508 3508 540 3561 in
555 3525 608 3562 rae.
621 3513 722 3564 neue-1
740 3509 767 3562 Β
844 3512 859 3564 5
883 3508 1005 3563 scribitur
1022 3527 1075 3579 pro
1094 3510 1198 3565 inscrib.
1217 3513 1245 3568 Β

135 3595 151 3647 (i
172 3590 278 3645 uidetur
300 3590 332 3644 de
354 3595 428 3659 patre
450 3591 610 3645 ostendendo
632 3592 692 3660 quie
715 3593 746 3646 de
764 3595 804 3659 B,
821 3592 925 3647 uidetur
946 3600 1044 3648 secreto
1062 3599 1088 3648 et
1109 3596 1246 3652 ostendere

115 3691 117 3694 ’
134 3675 196 3744 eruis
212 3675 245 3729 de
263 3673 289 3731 Β
345 3678 361 3731 'l
374 3682 438 3745 poet
455 3676 582 3730 seminare
599 3678 677 3742 addit
694 3676 720 3732 1
739 3694 826 3731 semen
844 3694 920 3731 suum
977 3679 1171 3748 euticetem.
1190 3682 1245 3739 BQ

134 3763 180 3829 (cf.
197 3779 281 3831 supro
301 3762 338 3815 ed
350 3763 406 3815 'lise
425 3763 453 3828 6)
523 3764 540 3817 8
562 3761 583 3815 si
600 3761 684 3816 bonus
702 3762 795 3816 luisset
811 3770 838 3816 et
855 3779 907 3817 nen
924 3764 1071 3833 neglegens,
1088 3781 1140 3820 non
1157 3768 1200 3821 uel
1217 3771 1246 3824 B

135 3847 157 3900 si
174 3845 258 3900 bouus
276 3846 377 3910 fuisset,
394 3861 445 3900 non
464 3846 558 3901 luisset
574 3847 716 3916 negligens,
734 3864 787 3933 non
803 3848 844 3902 uel
862 3846 889 3904 a
950 3851 982 3905 10
998 3849 1080 3904 iecere
1097 3853 1132 3920 A,
1149 3852 1246 3909 iaceret

134 3929 188 3988 ΒΒ
241 3931 312 3985 huno
333 3948 388 3985 esse
410 3932 611 3986 seminantem
600 3952 631 3988 m
646 3951 699 3989 rue.
718 3925 787 3989 neue.
799 3939 815 3987 1
834 3935 861 3988 Β
913 3937 945 3990 12
962 3935 995 3989 1ιι
1012 3951 1062 4005 quo
1080 3935 1159 3991 etiem
1175 3937 1245 3993 libro

135 4059 197 4126 AB,
215 4057 272 4125 Quo
289 4058 393 4112 otiam
385 4074 413 4112 ιιι
430 4058 541 4116 libret)
597 4063 630 4116 14
648 4060 724 4114 modo
743 4062 769 4114 A
825 4064 857 4116 16
874 4061 1082 4131 adpraehendere
1098 4067 1134 4134 A,
1152 4082 1244 4135 appre-

134 4133 242 4198 hensam
260 4145 288 4198 Β
340 4146 371 4201 17
389 4143 454 4198 lacit
470 4147 497 4199 A
549 4134 650 4214 etpost
667 4145 813 4201 iaaietom
831 4147 857 4201 Β
