2812 4634
525 305 685 356 trastetus
703 302 738 356 H.
1147 286 1187 348 37

78 469 160 548 ῖθηι,
180 456 276 519 tertio
300 455 351 519 elie
380 457 604 531 resurrexisse,
633 457 714 522 siout
739 457 888 522 scribtum
915 462 963 522 est
988 458 1019 522 in
1046 457 1187 540 profetis:
1243 437 1256 445 ῥ’

77 559 260 623 sustinete
282 578 335 622 me
350 559 386 632 in
408 560 502 623 diem
523 560 808 624 resurrectionis
830 577 939 638 meae,
962 557 1209 630 assentireris

77 659 188 736 coelos,
203 660 309 723 sedere
324 659 368 722 ad
383 660 545 723 dexteram
560 659 612 736 ster·
621 660 732 744 patris
748 661 977 744 omnipotentis,
998 662 1078 725 sieut
1093 661 1187 742 serip-

72 768 141 827 tum
167 767 230 827 est:
261 782 342 826 eoee
368 764 444 827 uidi
482 764 602 827 seelos
635 768 781 845 apertos
811 767 846 826 et
875 762 997 845 tilium
1028 763 1186 826 hominis

47 897 61 936 ε
75 867 262 930 sedentem
285 866 328 929 ed
349 866 535 929 dexteram
549 866 621 944 dei,
644 863 719 926 s'rede
734 874 906 927 uenturum
921 873 950 926 et
965 862 1188 926 iudicatorum

74 967 112 1028 ds
139 966 230 1028 uiuis
253 974 282 1028 et
306 965 450 1041 mortuis,
473 967 553 1030 sieut
575 966 725 1031 scribtum
751 971 812 1030 est:
840 967 894 1030 sie
918 966 1042 1030 ueniet
1069 984 1188 1048 quom-

73 1070 266 1135 admodum
295 1069 445 1132 uidistis
472 1069 577 1132 illum
604 1073 749 1144 euntem
778 1070 814 1132 in
845 1069 1000 1147 eaelum,
1030 1065 1187 1129 credentes
1272 1111 1273 1116 η

73 1170 109 1232 ire
132 1179 274 1232 salestam
295 1168 450 1244 eclesiam,
472 1178 616 1253 saretsem
636 1169 800 1254 spiritum,
822 1168 1012 1253 baptismum
1033 1167 1187 1244 satutare,

73 1274 155 1336 sieut
181 1271 329 1337 soribtum
356 1276 418 1336 est:
448 1273 520 1342 nisi
545 1273 626 1354 quis
653 1277 804 1337 renatus
830 1272 944 1335 luerit
969 1290 1010 1335 ex
1036 1289 1127 1353 equs
1153 1275 1188 1335 θῖ

35 1405 60 1446 10
73 1375 208 1458 spiritu
229 1379 364 1454 saneto,
384 1384 453 1439 non
469 1371 654 1459 estleendet
669 1376 705 1439 in
720 1392 832 1458 regns
846 1374 1038 1453 saelorum,
1060 1371 1187 1434 ereden-
1209 1382 1248 1436 45

73 1487 117 1538 tes
140 1477 353 1539 remissiorem
369 1461 582 1561 peecatorum,
605 1477 685 1540 siout
711 1475 860 1540 scribtum
883 1479 944 1540 est:
967 1476 1045 1539 dieo
1071 1475 1186 1555 uobis,

72 1579 197 1658 lilioli,
220 1579 305 1660 quis
326 1579 568 1661 remittuntur
590 1577 695 1642 uobis
717 1582 867 1661 peeeeta
888 1582 1036 1660 propter
1058 1594 1187 1641 nomen

74 1683 161 1762 eius,
185 1680 342 1743 eredentes
365 1681 400 1742 s‘rs
423 1679 683 1743 resurrectionem
703 1680 822 1754 carreis,
852 1681 932 1743 sieut
954 1679 1102 1760 soribtum
1125 1684 1203 1744 ests

74 1785 380 1848 resurreetionem
410 1788 530 1848 eutem
557 1782 716 1848 futuram
746 1784 855 1846 etiam
881 1782 1025 1864 Moyses
1053 1782 1216 1846 adeun--

47 1887 185 1956 etisuit
210 1886 355 1950 slieente
381 1887 523 1950 domino
552 1888 626 1968 ‘ego
656 1903 733 1950 sum
760 1885 846 1947 deus
874 1882 1072 1962 Abraham,
1099 1884 1185 1946 deus

75 1987 163 2068 Isse,
188 1988 274 2052 deus
290 1987 421 2063 Iseob’3
444 2006 513 2053 non
536 1992 592 2052 θεῖ
612 1985 700 2052 deus
722 1991 955 2066 mortuorum,
978 1987 1040 2048 sed
1062 1985 1185 2048 uiuen·
1210 1977 1211 1980 ’

75 2091 179 2163 tium;
202 2109 324 2154 omnes
348 2091 443 2154 enim
464 2089 523 2153 illi
545 2090 685 2153 uiuunt.

116 2192 209 2256 Ouius
232 2192 363 2275 symboli
384 2193 442 2257 iter
465 2192 670 2281 custodientes
692 2209 799 2256 omnes
821 2193 944 2256 hereses
966 2192 1120 2256 doctrinas
1138 2191 1185 2254 in·

76 2295 183 2359 stltute
204 2296 254 2368 uel
276 2295 432 2379 dogmate,
460 2312 538 2376 quse
560 2293 619 2358 sibi
642 2295 871 2359 altercationem
893 2311 954 2358 non
972 2294 1109 2377 ingenie,
1126 2291 1185 2355 sed

32 2420 61 2463 ro
76 2397 177 2461 studia
198 2398 346 2477 feserunt,
368 2397 517 2461 catholieo
540 2415 592 2460 ore
614 2397 806 2476 damnemus,
828 2393 1085 2482 beptilzentes,
1107 2396 1206 2458 siout.

75 2499 223 2563 scribtum
237 2504 294 2579 est,
316 2501 352 2563 in
374 2499 519 2565 nomine
540 2500 657 2582 petris
680 2503 716 2563 et
737 2499 795 2562 fili
818 2502 853 2562 θῖ
875 2498 1029 2580 spiritus
1052 2496 1184 2570 santti;

74 2619 135 2667 non
166 2602 240 2666 dieit
268 2607 372 2666 sutem
394 2603 436 2665 ‘in
466 2601 652 2666 nominibus’
674 2605 833 2682 tamquam
863 2601 896 2664 in
925 2600 1042 2679 multis,
1072 2598 1125 2662 sed
1153 2598 1186 2661 in

74 2721 144 2783 uno,
168 2706 239 2786 quie
261 2723 340 2768 unus
362 2704 437 2767 sleus
464 2705 546 2768 trine
566 2707 718 2786 potestate
745 2701 929 2766 uenerabilis
952 2703 1072 2766 omnie
1094 2704 1129 2764 et
1150 2700 1186 2764 in

74 2805 240 2870 omnibus
264 2806 431 2871 Christus
454 2811 511 2886 est,
535 2808 614 2870 sieut
629 2804 778 2869 scribtum
793 2809 853 2869 est:
876 2803 1045 2867 Abrahae
1068 2803 1186 2866 diotee
1222 2829 1224 2833 ·

15 2911 159 2978 seaeant
180 2909 483 2990 repromissiones
506 2913 542 2972 θῖ
564 2900 696 2972 semini
718 2908 809 2980 eius;
833 2924 902 2970 non
918 2906 1008 2970 dioit
1023 2910 1068 2969 ‘et
1083 2904 1187 2968 semi·

74 3010 190 3074 nibus'
209 3014 393 3091 tamquam
407 3012 443 3075 in
466 3011 605 3089 multis,
628 3011 691 3088 sed
713 3010 817 3090 quasi
839 3010 875 3072 in
897 2999 966 3072 urio
989 3011 1034 3072 ‘et
1056 3007 1186 3070 semini

73 3109 143 3176 tuo*
167 3113 260 3194 quod
282 3117 339 3177 θεῖ
353 3112 536 3186 Christum
560 3113 597 3175 de
620 3131 681 3193 qua
701 3131 734 3175 re
756 3112 884 3193 loquens
907 3111 1027 3193 profeta
1049 3111 1105 3173 ait:
1127 3108 1186 3172 hie

74 3219 129 3278 est
159 3214 245 3278 deus
272 3219 396 3278 noster
421 3233 485 3278 nee
511 3214 744 3296 reputabitur
772 3214 866 3276 alius
894 3212 1031 3293 absque
1057 3228 1095 3275 eo
1126 3211 1186 3291 qui
1270 3269 1272 3272 ,

175 3348 321 3418 2Sophon.
340 3351 363 3413 3,
381 3351 404 3405 8.
482 3348 574 3404 eles.
593 3352 616 3412 7,
635 3352 675 3405 55.
754 3347 850 3402 olet.
871 3350 952 3410 1,11.
1031 3346 1101 3401 910.
1120 3347 1143 3407 3,
1162 3348 1185 3400 5.

74 3437 103 3491 11
127 3435 149 3488 1.
167 3435 206 3488 10.
223 3437 248 3498 2,
267 3437 306 3490 12.
410 3439 442 3492 14
466 3432 499 3488 el.
516 3435 610 3490 Metel.
629 3438 670 3496 22,
689 3437 728 3490 31.
748 3436 793 3494 32;
815 3433 877 3486 Lus.
896 3435 937 3496 20,
956 3435 1001 3494 38;
1023 3431 1101 3485 Exod.
1119 3433 1143 3493 3,
1155 3433 1185 3484 ’6.

74 3522 106 3574 20
122 3519 270 3583 Matrem,
284 3522 324 3575 19.
385 3523 418 3576 23
435 3520 489 3575 Col.
503 3522 526 3583 3,
541 3523 580 3576 ll.
650 3523 682 3574 24
702 3519 794 3581 Gal&
809 3521 848 3574 16.
918 3520 951 3572 27
969 3518 1028 3570 Ber.
1041 3518 1064 3578 3,
1077 3518 1185 3571 36-38.

175 3642 206 3695 21
226 3637 265 3694 cf.
282 3655 307 3708 p.
325 3643 365 3704 39,
384 3643 427 3703 15;
449 3643 491 3704 te,
508 3643 524 3694 2
541 3639 573 3692 al.
597 3640 636 3692 De
653 3639 783 3707 particula
802 3648 837 3698 εῖ
855 3639 883 3690 in
899 3638 950 3690 hoe
966 3636 1079 3689 formula
1096 3653 1111 3688 θ
1127 3636 1185 3688 Pri·

76 3723 235 3778 seillisnistis
258 3723 376 3778 consulto
398 3726 493 3778 omissa
515 3740 573 3792 opp.
597 3723 666 3776 intra
692 3723 781 3778 Oresti
803 3724 1039 3789 eoosmorsitoriuos,
1061 3724 1116 3775 s.2
1137 3719 1184 3773 sub

76 3808 125 3874 im,
143 3812 170 3863 θῖ
186 3825 251 3878 quse
263 3809 394 3864 Luebkert
411 3810 445 3878 (p.
458 3813 491 3865 25
509 3810 558 3877 sq.)
576 3812 602 3862 et
619 3807 795 3861 Μθιεάθιθθαῖ
814 3809 905 3876 (1111)
923 3806 1072 3859 efferentis
1089 3804 1184 3858 libellis

77 3894 182 3949 euobis
199 3895 228 3948 in
244 3894 324 3963 prees.
336 3895 418 3964 eep.1
435 3893 555 3948 laudatis.

126 4052 157 4105 19
177 4006 386 4119 motlt'gemte
464 4051 497 4102 20
517 4032 792 4124 (Albo'ltcoSOlle,
812 4046 844 4098 oo
862 4046 913 4099 litt.
933 4044 1108 4114 spermitiee
1124 4042 1184 4096 uile

74 4161 139 4215 quos
155 4151 183 4204 in
200 4149 368 4218 praelationis
386 4166 440 4218 sep.
453 4151 481 4203 11
499 4149 610 4202 diximus
