2812 4634
583 299 743 351 troetutns
760 297 782 351 Ii
982 365 985 370 .
1209 281 1230 347 5

111 456 271 531 tenemus,
293 454 328 515 ut
348 450 495 515 intrantes
516 452 689 533 lanuemm,
711 453 950 536 redemptionem
971 456 1101 537 corporis
1125 455 1228 534 nostri,

113 559 148 617 et
175 553 353 636 baptizati
380 554 416 617 in
445 552 591 622 Christo
617 554 947 623 indutichristum
973 556 1095 620 inanem
1117 558 1230 620 soeculi

112 656 245 740 gloriam
265 659 442 738 respuentes
460 656 521 739 ipsi
543 655 596 720 uni
617 657 724 726 uirum
735 660 871 721 nostrum
890 658 969 721 siout
987 657 1124 722 dedimus
1140 658 1229 722 dede-

112 757 314 838 remuquui
341 761 533 845 peccatorum
561 759 739 823 remissione
768 777 910 823 concessa
939 778 1048 843 pessus
1080 762 1145 842 ipse
1175 779 1229 842 pro

85 859 204 930 euobis
237 863 268 923 et
298 859 536 941 redemptionem
568 861 678 923 animis
712 862 821 925 nostris
850 862 1000 944 praestitit
1028 865 1059 926 et
1088 864 1228 926 salutem.

114 961 195 1041 Quis.
213 961 295 1025 enim
317 964 364 1024 ost
384 962 436 1042 qui
456 963 561 1044 legens
583 963 747 1026 scribturas
774 966 804 1026 et
830 981 937 1027 unum
962 964 1072 1028 fidem
1094 983 1202 1028 unum
1220 961 1230 1048 ll

112 1064 302 1147 baptismo
325 1081 434 1127 unum
461 1063 564 1126 deum
591 1065 714 1127 credens
745 1065 945 1128 hereticorum
972 1065 1116 1148 dogmate
1137 1067 1271 1130 stultae

114 1184 179 1234 non
200 1156 332 1245 damnet,
354 1165 421 1246 qui,
444 1166 517 1229 dunn
538 1167 649 1234 uolunt*
667 1166 808 1232 humanis
831 1185 993 1248 conparare
1015 1167 1130 1246 diuino,
1154 1168 1230 1231 diui·

114 1269 194 1331 dunt
211 1268 329 1332 unitum
342 1267 374 1331 in
393 1257 441 1332 dei
459 1268 570 1331 uirtute
590 1267 792 1332 substantiam
813 1272 843 1332 et
863 1268 1102 1350 magnitudinem
1118 1268 1230 1334 Christi

74 1391 100 1427 ro
115 1371 265 1452 tripertito
288 1370 413 1433 eclesiae
438 1371 521 1434 fonte
547 1370 752 1434 uenerabilem
777 1370 998 1447 Binionitumm
1024 1373 1135 1435 scolere
1160 1390 1230 1454 par·

114 1473 242 1551 tiuntnr,
264 1489 335 1541 cum
357 1462 578 1543 scribtnmsit:
602 1490 666 1555 ego
688 1491 765 1536 sum
793 1473 880 1536 deus
903 1477 938 1536 et
964 1477 1109 1538 nonest
1134 1472 1228 1538 alins

114 1577 260 1656 praeter
282 1591 338 1637 me,
357 1567 476 1638 iustus
500 1577 534 1643 et
560 1574 723 1639 suluutor
744 1594 814 1639 non
840 1578 895 1638 est
919 1579 1064 1657 praeter
1090 1594 1157 1656 me,
1185 1581 1228 1642 et:

116 1695 184 1760 ego
197 1676 335 1758 primus
351 1679 386 1739 et
405 1693 469 1760 ego
488 1676 662 1758 posthaec
681 1681 715 1740 et
732 1681 877 1759 praeter
893 1695 946 1740 me
966 1696 1034 1741 non
1053 1682 1109 1750 est
1127 1679 1227 1751 deus;

115 1779 198 1859 quis
220 1778 315 1841 siout
336 1779 421 1861 ego?
442 1777 517 1841 item
539 1777 623 1842 ahoi:
647 1795 711 1860 ego
733 1797 811 1842 surn
834 1782 868 1842 et
889 1782 972 1842 unte
994 1798 1047 1843 me
1069 1780 1230 1853 nonfuit

73 1900 101 1940 ιε,
116 1881 212 1944 alius
234 1882 372 1962 etpost
393 1897 446 1942 me
468 1896 536 1944 non
560 1878 629 1944 erit
650 1880 782 1944 similis
803 1880 903 1955 mihi3
923 1898 988 1964 ego
1003 1881 1088 1945 deus
1108 1886 1142 1945 et
1161 1901 1228 1946 non

116 1982 343 2064 est'prneter'
363 1999 418 2044 me
444 1982 504 2063 qni
530 1983 651 2047 saluos
677 1983 803 2056 faciam
834 1980 839 2065 Ι
869 1986 900 2046 et
926 1983 1035 2047 iterum
1056 1983 1162 2066 Moyse
1184 1985 1229 2048 di·

116 2089 218 2154 cente:
240 2082 410 2157 dominus
428 2084 513 2148 dens
536 2089 660 2149 noster
687 2085 774 2149 deus
796 2103 888 2149 nnus
911 2090 979 2165 est,
1009 2089 1039 2149 et
1059 2085 1228 2150 Hieremias

117 2187 174 2251 ait:
199 2186 258 2253 hio
283 2189 338 2258 est
363 2186 450 2251 deus
476 2191 599 2251 noster
626 2204 690 2251 nec
715 2186 947 2269 reputabitur
974 2188 1068 2252 nlius
1094 2188 1229 2270 absque

118 2308 198 2353 enm
219 2289 440 2370 quiinuenit
461 2307 602 2353 ornnem
627 2289 723 2353 uiam
750 2289 952 2371 supientiae
974 2294 1009 2354 et
1034 2289 1132 2353 dedit
1153 2309 1229 2367 earn

75 2391 225 2456 solacob
251 2396 363 2474 puero
390 2408 453 2456 suo
480 2395 514 2455 et
539 2391 699 2456 Istrahel
730 2389 864 2457 dilecto
888 2397 965 2467 suo;
993 2393 1166 2475 posthaec
1193 2393 1229 2456 in

118 2494 229 2558 terris
252 2492 352 2577 uisus
372 2497 431 2558 est
452 2497 487 2558 et
501 2512 580 2560 eum
594 2494 803 2560 hominibus
818 2498 1057 2560 conuersotns
1073 2499 1135 2559 est.
1158 2495 1229 2577 Ipse

118 2599 166 2659 est
190 2596 272 2659 enim
293 2595 345 2676 qui
363 2596 427 2659 tuit
454 2599 501 2659 est
526 2599 557 2658 et
578 2595 698 2660 futurus
721 2600 768 2660 est
793 2600 824 2660 et
851 2597 936 2661 uisus
963 2596 1131 2660 ssoeoulis
1153 2615 1229 2661 uer-

119 2697 201 2761 hum
219 2715 300 2762 coro
322 2698 444 2761 fectus
466 2697 689 2763 inhabitarit
710 2699 746 2762 in
768 2698 873 2763 nobis
895 2702 926 2762 et
940 2699 1097 2763 crucifixus
1112 2699 1229 2763 deuicto

118 2803 216 2866 morte
242 2800 322 2863 uitae
351 2800 438 2863 heres
468 2798 592 2863 effectus
622 2805 669 2864 est
693 2817 728 2864 uo
754 2801 844 2864 tertio
869 2800 917 2864 die
942 2819 1104 2884 resurgens
1129 2801 1254 2882 fuctus

219 3009 389 3072 uenisset.
436 3004 630 3078 deputed.
676 3011 1021 3076 11Es.45‚21;Hos.13‚t.
1067 3013 1228 3076 remoto.

119 3095 328 3157 relectum.
348 3098 387 3150 11.
447 3099 477 3150 17
496 3096 572 3149 Dent.
591 3100 615 3159 6,
632 3102 656 3153 4.
716 3099 748 3153 18
764 3097 824 3151 Bur.
842 3100 865 3161 3,
884 3100 992 3153 36-38.
1050 3096 1228 3162 2210.r,14.

162 3249 498 3346 lkebempttoteemh
518 3264 686 3335 appositionis
707 3268 763 3322 loeo
783 3271 874 3322 auctor
892 3268 955 3321 haec
975 3267 1106 3322 addidisse
1122 3267 1229 3322 uidetur

118 3350 151 3404 nd
163 3350 322 3414 ‘leuucmm'‚
340 3351 385 3405 sed
397 3351 506 3404 fortasse
519 3350 683 3408 scribendum
701 3356 741 3407 est
752 3351 894 3407 ‘luuecrum
912 3350 1095 3419 redemptionis
1114 3354 1227 3421 corporis

118 3437 199 3490 nostri
217 3435 259 3491 et’.
338 3440 355 3491 4
380 3419 659 3512 RemtsStoheem,
680 3437 713 3491 ei.
732 3452 797 3505 quse
815 3437 867 3491 dixi
885 3437 916 3491 de
933 3435 985 3489 litt.
1000 3437 1028 3489 Μ
1044 3437 1183 3506 parasitico
1199 3438 1227 3491 in

116 3537 285 3606 praefationis
306 3555 361 3608 oep.
380 3538 408 3592 11
463 3541 480 3594 8
499 3514 643 3607 uolffm]
664 3555 742 3608 supro
758 3555 864 3593 uersum
880 3539 946 3593 lenis
963 3541 1053 3593 rusum
1131 3544 1148 3595 9
1167 3550 1225 3599 unt

117 3648 245 3717 ῐυῐξίῐ),
260 3649 296 3698 m
312 3640 361 3694 lin
371 3640 420 3695 dei.
506 3631 784 3718 (υΑςΝιῐυδιΝε,
804 3641 836 3695 do
848 3656 970 3711 oppressu
982 3641 1082 3711 soopins
1100 3642 1188 3697 littero
1199 3642 1227 3695 M

117 3742 170 3796 mo.
192 3741 272 3811 praet.
291 3757 345 3810 cop.
362 3741 404 3794 11v
502 3747 533 3800 ro
555 3726 785 3832 compererim*
812 3729 911 3819 udor,
937 3736 947 3803 t
973 3760 1022 3797 ras.
1048 3748 1075 3797 er
1095 3743 1141 3798 rin.
1165 3744 1227 3804 oete

117 3887 371 3938 eurororrnuum
388 3878 526 3957 legendum
544 3897 599 3936 esse
617 3894 715 3936 censeo.
796 3883 828 3937 15
846 3827 1006 3956 atthaeo,
1022 3879 1075 3936 nid.
1093 3877 1158 3949 durae
1175 3879 1227 3934 dixi

117 4046 149 4100 de
169 4047 244 4115 signo
261 4063 277 4110 κ
295 4048 322 4101 in
339 4047 420 4115 praef.
438 4065 493 4118 cup.
511 4050 539 4103 11
613 4053 644 4105 18
656 3991 733 4111 Ailtttc
818 4053 852 4105 20
869 4028 1069 4132 poenoffiuo,
1088 4050 1140 4104 nid.
1159 4049 1226 4104 inira

115 4149 160 4202 foi
179 4150 225 4206 89δ
