2812 4634
545 287 708 338 tractatus
724 284 747 339 I.
1163 271 1200 332 17

101 431 179 500 idolis
200 437 265 500 suis
287 437 363 501 facti
384 436 585 520 apparebunt,
608 439 688 503 sicut
710 439 860 503 scribtum
882 444 942 504 est:
969 444 1072 522 pater
1094 459 1202 523 super

97 535 221 617 lilium,
240 538 347 603 lilius
362 557 469 621 super
483 544 634 622 patrem,
654 560 765 605 nurus
781 560 888 623 super
903 560 1055 622 socrum,
1075 560 1201 606 socrus

93 656 197 723 super
220 658 349 705 nurum
368 645 403 705 et
418 641 562 705 inimici
583 641 743 706 hominis
765 643 960 707 domestici
982 645 1070 707 eius.
1094 643 1204 708 dolant

90 740 279 805 Mercurium
306 743 397 806 deum
424 744 477 825 qui
498 747 689 808 terrenorum
711 744 947 810 thensaurorum
969 746 1115 809 tiniantes
1137 763 1205 809 sac·

70 844 174 908 oculos
195 844 390 925 adquireutes
409 847 578 910 caduceum
597 846 662 910 eius
681 850 867 922 uenerantur
884 851 939 910 aut
958 848 1127 911 sacculum:
1148 865 1203 911 nos

88 947 274 1028 requirimus
297 947 517 1012 thensauros
539 949 572 1012 in
594 949 686 1012 caelis
709 948 874 1012 absconsos
896 952 927 1012 et
941 946 950 1033 11
965 950 1091 1027 inuisos,
1113 967 1201 1030 quos
1226 957 1263 1009 19

89 1066 154 1112 nec
169 1066 282 1132 erugo
297 1049 746 1131 adpraehenditucctinia
757 1042 972 1132 corrumpit,
988 1053 1118 1114 scientes
1130 1068 1204 1131 quo·

90 1150 174 1214 niam
189 1150 294 1214 diues
309 1169 379 1215 uon
394 1153 552 1217 intrauit
566 1153 604 1216 in
616 1171 730 1235 regna
745 1153 938 1232 caelorum,
960 1153 1040 1216 sicut
1055 1151 1204 1216 scribtum

90 1256 150 1316 est:
168 1269 355 1335 agonuuc,
370 1254 521 1334 diuites,
536 1254 705 1338 plangite
717 1254 904 1318 ululantes
916 1254 1204 1337 supermiserias

63 1358 236 1418 onestras
270 1372 361 1436 quae
394 1357 662 1437 superueniunt
694 1356 840 1420 diuitiis
874 1356 1027 1430 uestris3
1058 1359 1205 1438 putrue-

90 1460 176 1520 runt
198 1460 233 1521 et
253 1457 491 1522 tiniauerunt‘
507 1462 630 1523 uestes
653 1461 812 1532 uestram
836 1476 963 1522 aurum
984 1463 1148 1521 uestrum
1169 1461 1206 1520 et

92 1562 286 1641 argeutum
313 1564 493 1639 uestrum,
527 1561 620 1642 quod
648 1560 889 1642 reposuistis,
922 1560 960 1624 iu
989 1559 1204 1623 nouissimis

92 1659 220 1724 diebus
243 1660 457 1744 erugiuabit
478 1665 514 1726 et
535 1680 645 1746 erugo
668 1680 791 1726 eorum
812 1662 849 1725 iu
871 1661 1125 1726 testimouium
1147 1677 1205 1723 uo·

93 1761 148 1825 lois
181 1762 252 1827 erit
282 1766 318 1827 et
345 1765 510 1828 comedet
538 1782 667 1828 carues
694 1768 839 1829 uestras
869 1764 966 1828 sicut
996 1763 1105 1846 ignis.
1139 1760 1204 1826 Nos

58 1867 197 1928 aarum
223 1866 338 1929 scimus
364 1867 438 1948 quia
459 1866 546 1930 deus
573 1867 687 1949 elegit
713 1884 891 1948 pauperes
918 1865 1042 1929 mundi
1067 1864 1205 1929 diuites

93 1964 183 2030 fidei
204 1966 355 2031 heredes
376 1968 489 2051 regui.
510 1966 686 2052 {Uenerem
708 1971 812 2032 autam
837 1968 924 2032 uelut
944 1967 1037 2031 deum
1057 1985 1206 2030 ueneran-

94 2071 143 2142 tur
164 2070 219 2149 qui
236 2073 399 2151 operantur
419 2070 623 2153 turpitudines
645 2073 677 2134 et
696 2071 882 2152 reciprocam
904 2069 1076 2133 mercedem
1097 2068 1206 2132 erroris

96 2171 264 2234 secundum
289 2172 370 2253 quod
396 2175 516 2255 oportet
541 2175 715 2254 expectant:
742 2190 798 2236 nos
824 2175 929 2235 autem
954 2172 1151 2253 respicientes
1172 2169 1205 2233 in

95 2271 254 2336 Aloralram
271 2277 391 2355 patrem
412 2277 552 2339 nostrum
566 2278 597 2338 et
611 2274 644 2339 in
658 2273 781 2338 Sarrum
802 2273 1034 2356 parturientem,
1057 2290 1112 2336 nos
1127 2273 1205 2335 ecla*

44 2373 143 2438 ⁸asia
170 2378 268 2439 matre
296 2375 371 2440 editi
401 2379 433 2440 ct
461 2375 611 2458 sapientia
638 2375 856 2451 obstetricante
883 2374 1023 2458 producti
1050 2374 1205 2438 tendimus

96 2475 139 2539 ad
164 2478 514 2542 consummationem
547 2482 773 2557 sanctorum,
805 2477 843 2541 in
872 2494 961 2559 opus
991 2476 1205 2554 ministerii,

96 2578 132 2641 in
154 2576 451 2643 aedificationem
476 2580 636 2661 corporis
664 2578 817 2659 Christi,
846 2579 959 2642 donec
980 2593 1205 2642 occurramus

96 2696 220 2743 omncs
248 2679 285 2743 iu
317 2682 497 2744 unitatem
530 2680 621 2744 fidei
653 2684 688 2745 ct
721 2681 947 2763 agnitionem
980 2679 1055 2744 filii
1083 2678 1140 2741 dei
1168 2678 1205 2741 iu

96 2781 215 2845 uirum
246 2782 465 2864 perlectum,
494 2782 531 2846 in
560 2799 767 2847 mensuram
796 2783 931 2846 aetatis
960 2780 1204 2865 plenitudinis

40 2892 85 2942 *a
97 2882 246 2948 christi.
268 2883 308 2948 nt
322 2884 463 2966 quamuis
478 2883 608 2949 adhaec
622 2902 712 2949 nemo
726 2884 854 2948 idoneus
870 2879 937 2968 sitll
947 2885 1087 2947 nostrum
1101 2885 1202 2945 tamon
1228 2889 1266 2941 ao

97 2988 255 3068 potentem
269 2986 384 3049 scimus
403 2985 505 3065 deum,
528 2986 672 3067 quoniam
690 2985 743 3068 qui
760 2985 934 3068 promisit
954 2987 1086 3067 potens
1100 2986 1157 3046 est
1171 2986 1206 3045 et

98 3087 233 3160 iacere;
248 3087 313 3171 ipse
329 3088 412 3151 enim
426 3083 515 3151 dixit:
535 3088 616 3169 quis
632 3088 798 3171 sperauit
812 3087 849 3150 iu
863 3086 1010 3150 domino
1030 3087 1065 3148 et
1084 3084 1205 3148 coufu-

97 3207 160 3253 sus
178 3192 249 3269 est,
270 3189 474 3272 permansit
494 3190 530 3252 in
546 3190 730 3254 mandatis
745 3189 849 3252 illius
864 3191 901 3251 et
914 3186 1114 3250 derelictus
1130 3189 1205 3249 est?

139 3289 317 3354 Anathmnu
342 3292 383 3355 sit
410 3291 463 3373 qui
488 3290 609 3355 Saclam
633 3290 766 3356 Nebroel
792 3289 913 3356 Samaei
938 3287 1106 3352 Belzebutlr
1126 3285 1205 3350 Nas-

52 3391 231 3458 aobodeum
251 3392 370 3456 Belicm
396 3411 562 3474 omnesque
588 3394 681 3473 tales,
707 3394 779 3475 quia
801 3393 964 3455 daemones
986 3392 1069 3467 sunt,
1090 3388 1204 3451 infelici

201 3530 215 3583 1
233 3526 294 3581 Luc.
306 3530 345 3590 12,
354 3530 399 3590 53ς
407 3527 501 3581 Meton
513 3531 552 3590 10,
561 3529 649 3583 3526.
701 3526 759 3582 6171.
768 3510 892 3587 Mutia&
901 3527 939 3580 19.
994 3523 1204 3584 anamulata.

99 3611 180 3669 alac.
190 3615 214 3676 5,
227 3615 304 3673 1-3;
317 3611 350 3665 cl.
362 3613 501 3682 Speculum
510 3615 657 3682 Augustini
668 3612 708 3666 cd.
718 3611 849 3664 Wcilrrich
860 3626 885 3678 p.
895 3613 952 3671 395,
963 3612 994 3664 15
1003 3622 1058 3675 sqq.
1111 3609 1142 3662 15
1154 3606 1198 3659 Iac

99 3701 125 3762 2,
136 3700 160 3753 5.
228 3700 260 3753 21
277 3697 343 3765 Eph.
361 3700 385 3760 4,
405 3700 444 3752 12.
464 3701 503 3752 13.
571 3700 605 3752 26
623 3697 699 3750 Rom.
715 3698 740 3759 4,
758 3699 799 3752 tl.
866 3697 900 3750 27
918 3694 997 3746 Sirac.
1015 3695 1039 3755 2,
1059 3695 1098 3747 11.
1118 3695 1156 3747 12.

200 3819 234 3872 29
252 3816 353 3870 Saclam
371 3816 482 3869 Nebroel
499 3816 561 3884 etc]
579 3816 610 3870 de
627 3816 669 3869 his
686 3814 854 3869 daemonibus
871 3814 923 3865 uid.
936 3826 1054 3879 eosquos
1068 3811 1095 3864 iu
1107 3810 1194 3863 libello

102 3901 255 3956 ’Priscillian
290 3901 332 3954 ein
349 3901 494 3969 ncuouigei.
518 3901 658 3954 Schriftst?
680 3898 837 3968 (wirsburg
855 3900 930 3966 1886)
951 3914 976 3966 p.
996 3899 1086 3952 1415
1108 3901 1134 3949 et
1152 3898 1203 3948 not.

103 3988 233 4042 nominaui
251 3986 338 4040 libros.

142 4109 159 4164 8
179 4105 353 4172 trutinavit]
370 4106 440 4158 nolui
460 4108 559 4158 rnutruo
578 4106 603 4158 iu
625 4114 787 4164 lrxrtltllllli

150 4225 223 4267 Xl'lll.
238 4225 328 4266 Princirr.
