2812 4634
146 293 207 356 104
593 309 798 364 Priscilliaui

143 471 173 528 te
195 465 274 546 quod
302 467 505 548 praestantius
526 465 584 529 tibi
604 467 743 530 uideatur
771 466 915 546 ostendis,
944 469 976 530 et
997 467 1136 548 quamuis
1158 485 1246 531 mons

143 571 247 632 nostra
267 568 485 650 inexphoabilis
506 567 731 650 intellegentiae
753 586 828 650 opus
849 569 978 633 moliens
999 569 1080 634 intra
1093 569 1246 632 humanas

142 669 347 733 inbecillitatis
377 669 533 733 claudatur
561 687 670 749 errore,
698 670 822 733 uuioum
850 674 952 734 tamen
979 671 1016 734 de
1037 673 1069 734 ts
1087 671 1246 752 religiosae

143 771 311 835 sententiae
340 771 463 835 modum
487 769 491 856 l
514 771 667 854 profetieis
693 771 817 835 uocibus
839 772 1065 854 adpraehendit,
1095 771 1174 854 quod
1204 773 1247 836 sio

142 876 172 936 te
201 891 296 936 nuum
326 873 416 936 deum
444 872 476 937 in
505 873 646 937 omnihus
676 873 827 952 nouimus,
856 877 891 937 ut
918 873 1037 937 nullum
1065 892 1127 938 nou
1154 875 1187 938 in
1215 877 1283 938 tos

142 994 240 1056 nequo
268 976 366 1039 ullum
388 979 472 1040 extra
492 980 523 1040 to
551 975 652 1039 loeum
679 980 710 1039 et
730 976 801 1039 tanti
824 979 855 1040 et
883 977 1034 1059 operantis
1064 976 1245 1051 habeamus

143 1078 244 1157 sieque
266 1095 336 1141 eum
364 1077 458 1142 habes
481 1077 578 1158 adque
599 1077 720 1141 haberis
742 1096 840 1159 noque
862 1081 945 1142 exha
973 1080 1121 1142 totumin
1146 1081 1246 1160 aliquo

142 1196 240 1259 neque
262 1197 322 1243 non
343 1181 375 1243 in
390 1180 531 1244 omnibus
552 1180 706 1243 inueniris.
740 1178 777 1242 In
798 1183 829 1244 te
852 1182 934 1244 onim
955 1183 987 1244 et
1006 1199 1061 1262 per
1082 1186 1113 1245 te
1131 1199 1246 1264 proees-

142 1298 232 1345 suum
260 1285 324 1345 tota
343 1281 527 1363 procuratio:
557 1286 589 1346 tu
611 1281 782 1345 animarum
808 1286 903 1364 pater,
932 1285 966 1346 tn
987 1282 1080 1347 frater
1101 1282 1184 1362 tiliis,
1213 1287 1247 1348 tn

140 1382 221 1445 filius
236 1383 389 1463 fratribus,
401 1377 445 1447 'tn
467 1384 570 1448 electis
585 1383 710 1463 amiens,
732 1387 766 1448 tu
786 1384 1060 1467 propinquantibus
1081 1386 1246 1467 proximus,
1262 1410 1284 1450 re

60 1492 119 1547 144
143 1488 176 1548 tn
195 1485 328 1566 operatio
344 1486 514 1568 spirituum,
533 1488 567 1549 tn
586 1483 776 1569 priuileipium
791 1486 1051 1568 archangelorum,
1070 1490 1104 1551 tn
1124 1488 1247 1571 angelo-

141 1605 209 1650 rnm
223 1605 309 1669 opus,
324 1590 358 1651 tn
373 1587 577 1663 uirtutifieatio
593 1591 657 1651 tota
671 1588 818 1651 uirtutum
834 1606 876 1667 es,
899 1607 954 1670 per
968 1592 1000 1652 te
1015 1588 1161 1670 disposita
1175 1594 1248 1654 sunt

141 1707 233 1770 opera
260 1693 446 1770 onustorum,
476 1693 510 1754 tu
532 1689 711 1754 distineristi
740 1690 928 1773 singularum
956 1703 1060 1754 rernm
1085 1695 1187 1773 partes
1217 1697 1249 1756 et

141 1792 219 1855 inter
241 1810 274 1856 se
297 1793 447 1856 elementa
461 1793 653 1874 eonpingens
680 1791 864 1873 disciplinati
885 1792 984 1874 operia
1005 1793 1153 1857 terminos
1175 1812 1248 1858 eon-

140 1894 255 1973 looasti,
285 1894 360 1958 dans
381 1894 414 1958 in
436 1894 479 1957 eis
502 1895 643 1977 spiritum
663 1893 754 1974 uitae,
784 1898 827 1974 ut,
854 1912 932 1976 quae
954 1895 1012 1959 atsi
1034 1914 1070 1959 or
1091 1914 1125 1961 so
1146 1897 1247 1961 fanore
1260 1923 1285 1964 rs

140 1997 183 2059 nil
206 2000 339 2078 possent,
361 1997 568 2079 magnitudine
589 2000 693 2060 tamen
712 1997 865 2079 operantis
888 1997 1021 2061 animata
1042 1999 1247 2064 ministerium

141 2097 290 2181 dehgatae
306 2117 366 2182 per
387 2102 418 2163 te
440 2099 593 2162 seruitutis
614 2099 773 2181 inplerent.
802 2098 843 2163 Itt
862 2099 1007 2181 posthaec
1028 2101 1193 2182 respitiens
1214 2103 1247 2166 in

140 2203 253 2264 terram
283 2201 410 2265 edumsti
439 2201 572 2264 animam
601 2200 718 2274 niuam;
749 2218 827 2282 qnae
850 2199 854 2285 Ι
878 2200 936 2265 etsi
965 2220 1000 2265 ex
1029 2203 1156 2284 seipsa
1184 2222 1247 2267 uon

142 2307 232 2382 esset,
254 2306 367 2383 tamen,
390 2322 428 2366 ne
449 2321 563 2367 naeuus
586 2306 667 2367 esset
689 2302 747 2384 [et]
772 2320 872 2367 sermo
893 2305 1056 2386 praesepti,
1077 2304 1131 2368 nbi
1151 2306 1247 2370 iussio

141 2410 193 2469 tna
214 2406 335 2470 initium
364 2424 467 2469 somm
490 2423 570 2486 quae
595 2423 656 2469 non
678 2409 765 2469 orant
785 2406 852 2485 tuit,
882 2407 1065 2471 animatione
1093 2410 1285 2490 praeceptio

141 2509 265 2590 protulit
285 2511 367 2572 terra
386 2508 466 2589 quod
487 2508 553 2590 ipsa
574 2525 634 2572 non
656 2507 772 2571 habuit.
809 2507 850 2571 Itt
869 2508 962 2572 iussio
983 2511 1037 2572 tua
1057 2509 1089 2572 in
1118 2527 1247 2591 appara-

140 2610 248 2673 bilinm
269 2611 349 2673 tanta
376 2613 485 2674 natura
507 2612 563 2689 est,
592 2613 627 2674 ut
648 2629 683 2674 ex
705 2610 798 2673 nihilo
827 2627 902 2691 opus
928 2611 1083 2692 protereus
1111 2612 1247 2693 primum

139 2713 327 2795 inconposita
353 2715 384 2776 et
403 2712 593 2776 intenebrata
614 2715 764 2794 parerent,
793 2715 900 2794 postea
919 2713 1147 2777 insensibilibus
1176 2733 1246 2778 sen-

141 2814 329 2893 sibihtatem,
358 2813 526 2879 tenebrosis
554 2815 669 2893 uisum,
698 2814 795 2879 brutis
826 2814 997 2894 odoratum,
1027 2832 1135 2880 sonum
1162 2816 1245 2881 duris

61 2929 118 2982 145
143 2921 173 2979 et
194 2916 347 2980 obduretis
364 2916 561 2980 distribueres
580 2916 725 2996 anditum,
748 2920 783 2979 ut
802 2915 915 2996 ubique
929 2912 938 3001 tl
952 2921 984 2980 te
1005 2921 1163 2999 praestans
1178 2938 1245 2983 ma·
1257 2948 1283 2988 ss

141 3019 250 3082 teriam
264 3038 376 3097 rorum,
399 3037 490 3100 qnam
504 3019 598 3081 iussio
613 3019 779 3101 protulerat
792 3019 964 3098 informem,
987 3019 1020 3082 in
1034 3039 1125 3084 usum
1144 3023 1244 3104 operis
1280 3083 1281 3086 ,

190 3282 193 3287 ,
243 3208 255 3259 1
278 3206 413 3274 Hilarius,
434 3205 466 3260 de
487 3206 548 3259 tria.
566 3206 590 3273 1,
606 3210 636 3260 7:
657 3203 689 3259 ef.
708 3220 733 3273 p.
749 3206 782 3259 57
801 3203 856 3271 (ubi
874 3204 953 3268 stiam
969 3206 1038 3274 apud
1055 3207 1135 3260 Priso.
1148 3207 1244 3275 legItur

141 3289 219 3343 ‘intra
236 3289 374 3358 errorem').

183 3481 199 3534 3
216 3460 360 3546 εκκοικε]
377 3476 429 3531 uid.
448 3494 525 3546 supra
541 3493 566 3546 p.
583 3480 623 3541 20,
641 3480 685 3540 13;
703 3480 742 3542 71,
755 3480 783 3539 9;
801 3479 870 3541 75,2
961 3483 977 3533 7
997 3437 1240 3559 Νεᾳυεέξακλ,

140 3583 191 3635 litt.
209 3591 230 3664 ξ
248 3581 421 3650 superscripta
441 3580 507 3634 falso
529 3581 623 3634 iterum
640 3583 736 3649 punoto
754 3579 803 3634 del.
889 3584 906 3637 8
921 3590 977 3669 tetJ
1046 3586 1077 3637 10
1095 3575 1241 3661 electus,

140 3684 211 3752 prior
232 3699 291 3752 pars
311 3683 363 3737 litt.
391 3692 413 3742 υ
440 3699 503 3736 eras.
574 3685 606 3739 12
633 3664 836 3762 δΙΒροΞΙῐΑὲ,
866 3693 885 3744 ε
911 3687 1008 3751 hunela>
1030 3683 1079 3743 dal.
1153 3688 1186 3758 13
1212 3677 1241 3746 δ1

142 3795 338 3912 ΞῙΙΝΕξΙΞῘΙ,
350 3835 600 3903 s(tncs)hn.de1.;
612 3836 720 3898 cabaa
773 3839 805 3893 18
820 3847 947 3924 unium
1001 3842 1031 3895 19
1041 3837 1243 3900 adolendum?

141 3926 567 4020 eratpaae'cepum,1serss.
621 3941 652 3994 21
666 3939 777 3992 anicios
790 3921 1052 4020 appaalarlrum
1104 3946 1243 4007 ιιιεΝε

142 4051 263 4100 eaoars
334 4043 366 4095 25
384 4042 454 4095 uolui
472 4044 537 4094 mut.
556 4041 583 4094 in
601 4050 783 4101 oeruaaus
859 4044 892 4095 ao
910 4044 966 4095 eret
985 4029 1240 4124 reformemus

143 4153 259 4221 usum,
276 4143 367 4198 deinde
382 4153 417 4202 (n
430 4146 489 4212 post
503 4152 559 4204 me
572 4143 641 4198 affin.
659 4148 686 4198 et
701 4144 728 4198 in
746 4158 815 4212 prox.
828 4160 894 4197 uero.
906 4144 981 4198 initio
999 4155 1035 4204 (ῐ)
1049 4145 1111 4210 del.;
1128 4148 1161 4202 ei.
1174 4152 1243 4213 98,2
