<?xml version="1.0" encoding="UTF-8"?>
<!DOCTYPE html PUBLIC "-//W3C//DTD XHTML 1.0 Transitional//EN"
    "http://www.w3.org/TR/xhtml1/DTD/xhtml1-transitional.dtd">
<html xmlns="http://www.w3.org/1999/xhtml" xml:lang="en" lang="en">
 <head>
  <title>
</title>
<meta http-equiv="Content-Type" content="text/html;charset=utf-8" />
  <meta name='ocr-system' content='tesseract 3.04.00' />
  <meta name='ocr-capabilities' content='ocr_page ocr_carea ocr_par ocr_line ocrx_word'/>
</head>
<body>
  <div class='ocr_page' id='page_1' title='image "./priscillianiqva01schegoog/priscillianiqva01schegoog_0211.png"; bbox 0 0 2812 4634; ppageno 0'>
   <div class='ocr_carea' id='block_1_1' title="bbox 574 298 1278 363">
    <p class='ocr_par' dir='ltr' id='par_1_1' title="bbox 574 298 1278 363">
     <span class='ocr_line' id='line_1_1' title="bbox 574 298 1278 363; baseline -0.011 -1"><span class='ocrx_word' id='word_1_1' title='bbox 574 307 873 363; x_wconf 82' lang='lat' dir='ltr'>Commonitorium.</span> <span class='ocrx_word' id='word_1_2' title='bbox 1220 298 1278 356; x_wconf 72' lang='lat' dir='ltr'>lo?</span> 
     </span>
    </p>
   </div>
   <div class='ocr_carea' id='block_1_2' title="bbox 107 465 1279 2085">
    <p class='ocr_par' dir='ltr' id='par_1_2' title="bbox 107 465 1279 2085">
     <span class='ocr_line' id='line_1_2' title="bbox 160 465 1279 547; baseline -0.003 -17"><span class='ocrx_word' id='word_1_3' title='bbox 160 472 323 539; x_wconf 77' lang='lat' dir='ltr'>tenuasse3</span> <span class='ocrx_word' id='word_1_4' title='bbox 355 466 400 529; x_wconf 88' lang='lat' dir='ltr'>ita</span> <span class='ocrx_word' id='word_1_5' title='bbox 429 483 526 546; x_wconf 89' lang='lat' dir='ltr'>neque</span> <span class='ocrx_word' id='word_1_6' title='bbox 557 465 731 547; x_wconf 82' lang='lat' dir='ltr'>depositum</span> <span class='ocrx_word' id='word_1_7' title='bbox 760 471 891 545; x_wconf 85' lang='lat' dir='ltr'>usquam</span> <span class='ocrx_word' id='word_1_8' title='bbox 921 465 1015 528; x_wconf 86' lang='lat' dir='ltr'>fuisse</span> <span class='ocrx_word' id='word_1_9' title='bbox 1038 484 1146 547; x_wconf 89' lang='lat' dir='ltr'>corpus</span> <span class='ocrx_word' id='word_1_10' title='bbox 1169 466 1279 528; x_wconf 93' lang='lat' dir='ltr'>necin</span> 
     </span>
     <span class='ocr_line' id='line_1_3' title="bbox 160 566 1278 650; baseline -0.003 -18"><span class='ocrx_word' id='word_1_11' title='bbox 160 587 289 650; x_wconf 89' lang='lat' dir='ltr'>corpore</span> <span class='ocrx_word' id='word_1_12' title='bbox 312 569 373 631; x_wconf 93' lang='lat' dir='ltr'>ullo</span> <span class='ocrx_word' id='word_1_13' title='bbox 396 572 579 650; x_wconf 81' lang='lat' dir='ltr'>regnantem</span> <span class='ocrx_word' id='word_1_14' title='bbox 601 567 811 631; x_wconf 80' lang='lat' dir='ltr'>circumscribi</span> <span class='ocrx_word' id='word_1_15' title='bbox 826 568 925 630; x_wconf 91' lang='lat' dir='ltr'>deum.</span> <span class='ocrx_word' id='word_1_16' title='bbox 949 566 1136 631; x_wconf 71' lang='lat' dir='ltr'>&#39;Oreaturam</span> <span class='ocrx_word' id='word_1_17' title='bbox 1160 586 1278 648; x_wconf 90' lang='lat' dir='ltr'>quoque</span> 
     </span>
     <span class='ocr_line' id='line_1_4' title="bbox 160 670 1277 752; baseline -0.004 -16"><span class='ocrx_word' id='word_1_18' title='bbox 160 671 368 736; x_wconf 87' lang='lat' dir='ltr'>subiectam</span> <span class='ocrx_word' id='word_1_19' title='bbox 391 671 618 752; x_wconf 90' lang='lat' dir='ltr'>corruptioni</span> <span class='ocrx_word' id='word_1_20' title='bbox 640 686 709 732; x_wconf 92' lang='lat' dir='ltr'>non</span> <span class='ocrx_word' id='word_1_21' title='bbox 732 670 916 733; x_wconf 91' lang='lat' dir='ltr'>uolentem</span> <span class='ocrx_word' id='word_1_22' title='bbox 946 670 1184 752; x_wconf 91' lang='lat' dir='ltr'>intellegendam</span> <span class='ocrx_word' id='word_1_23' title='bbox 1211 688 1277 732; x_wconf 88' lang='lat' dir='ltr'>esse</span> 
     </span>
     <span class='ocr_line' id='line_1_5' title="bbox 159 760 1277 844; baseline -0.001 -7"><span class='ocrx_word' id='word_1_24' title='bbox 159 772 306 837; x_wconf 82' lang='lat' dir='ltr'>dicebant</span> <span class='ocrx_word' id='word_1_25' title='bbox 327 773 424 836; x_wconf 93' lang='lat' dir='ltr'>solem</span> <span class='ocrx_word' id='word_1_26' title='bbox 447 776 477 835; x_wconf 95' lang='lat' dir='ltr'>et</span> <span class='ocrx_word' id='word_1_27' title='bbox 499 760 605 835; x_wconf 90' lang='lat' dir='ltr'>lunam</span> <span class='ocrx_word' id='word_1_28' title='bbox 628 775 659 836; x_wconf 88' lang='lat' dir='ltr'>et</span> <span class='ocrx_word' id='word_1_29' title='bbox 681 773 800 844; x_wconf 70' lang='lat' dir='ltr'>stellas:</span> <span class='ocrx_word' id='word_1_30' title='bbox 824 773 951 836; x_wconf 88' lang='lat' dir='ltr'>ethaeo</span> <span class='ocrx_word' id='word_1_31' title='bbox 977 791 1038 835; x_wconf 92' lang='lat' dir='ltr'>non</span> <span class='ocrx_word' id='word_1_32' title='bbox 1065 773 1277 836; x_wconf 87' lang='lat' dir='ltr'>elementarios</span> 
     </span>
     <span class='ocr_line' id='line_1_6' title="bbox 122 876 1277 958; baseline -0.003 -17"><span class='ocrx_word' id='word_1_33' title='bbox 122 901 143 941; x_wconf 80' lang='lat' dir='ltr'>o</span> <span class='ocrx_word' id='word_1_34' title='bbox 160 895 231 940; x_wconf 88' lang='lat' dir='ltr'>esse</span> <span class='ocrx_word' id='word_1_35' title='bbox 253 877 397 958; x_wconf 87' lang='lat' dir='ltr'>fulgores,</span> <span class='ocrx_word' id='word_1_36' title='bbox 427 876 480 938; x_wconf 90' lang='lat' dir='ltr'>sed</span> <span class='ocrx_word' id='word_1_37' title='bbox 510 876 674 938; x_wconf 81' lang='lat' dir='ltr'>rationales</span> <span class='ocrx_word' id='word_1_38' title='bbox 705 879 882 957; x_wconf 74' lang='lat' dir='ltr'>potestates</span> <span class='ocrx_word' id='word_1_39' title='bbox 912 876 1057 957; x_wconf 87' lang='lat' dir='ltr'>praebere</span> <span class='ocrx_word' id='word_1_40' title='bbox 1080 879 1184 939; x_wconf 92' lang='lat' dir='ltr'>autem</span> <span class='ocrx_word' id='word_1_41' title='bbox 1206 894 1277 938; x_wconf 91' lang='lat' dir='ltr'>ser·</span> 
     </span>
     <span class='ocr_line' id='line_1_7' title="bbox 158 978 1274 1060; baseline -0.002 -18"><span class='ocrx_word' id='word_1_42' title='bbox 158 979 292 1042; x_wconf 90' lang='lat' dir='ltr'>uitium</span> <span class='ocrx_word' id='word_1_43' title='bbox 321 978 549 1059; x_wconf 90' lang='lat' dir='ltr'>corruptioni</span> <span class='ocrx_word' id='word_1_44' title='bbox 578 980 727 1060; x_wconf 87' lang='lat' dir='ltr'>propter</span> <span class='ocrx_word' id='word_1_45' title='bbox 759 996 838 1040; x_wconf 86' lang='lat' dir='ltr'>eum</span> <span class='ocrx_word' id='word_1_46' title='bbox 865 978 926 1058; x_wconf 91' lang='lat' dir='ltr'>qui</span> <span class='ocrx_word' id='word_1_47' title='bbox 949 978 1108 1041; x_wconf 91' lang='lat' dir='ltr'>subiecit</span> <span class='ocrx_word' id='word_1_48' title='bbox 1137 979 1174 1040; x_wconf 92' lang='lat' dir='ltr'>in</span> <span class='ocrx_word' id='word_1_49' title='bbox 1204 996 1274 1060; x_wconf 90' lang='lat' dir='ltr'>spe.</span> 
     </span>
     <span class='ocr_line' id='line_1_8' title="bbox 203 1080 1275 1162; baseline 0.001 -19"><span class='ocrx_word' id='word_1_50' title='bbox 203 1081 232 1144; x_wconf 89' lang='lat'>4.</span> <span class='ocrx_word' id='word_1_51' title='bbox 257 1081 341 1144; x_wconf 88' lang='lat' dir='ltr'>Haec</span> <span class='ocrx_word' id='word_1_52' title='bbox 364 1081 443 1144; x_wconf 88' lang='lat' dir='ltr'>sicut</span> <span class='ocrx_word' id='word_1_53' title='bbox 463 1081 595 1144; x_wconf 85' lang='lat' dir='ltr'>retinere</span> <span class='ocrx_word' id='word_1_54' title='bbox 617 1080 712 1161; x_wconf 87' lang='lat' dir='ltr'>potui,</span> <span class='ocrx_word' id='word_1_55' title='bbox 735 1080 870 1144; x_wconf 87' lang='lat' dir='ltr'>breuiter</span> <span class='ocrx_word' id='word_1_56' title='bbox 892 1081 1064 1161; x_wconf 84' lang='lat' dir='ltr'>expositum</span> <span class='ocrx_word' id='word_1_57' title='bbox 1079 1084 1134 1160; x_wconf 90' lang='lat' dir='ltr'>est,</span> <span class='ocrx_word' id='word_1_58' title='bbox 1158 1083 1193 1144; x_wconf 90' lang='lat' dir='ltr'>ut</span> <span class='ocrx_word' id='word_1_59' title='bbox 1207 1099 1275 1162; x_wconf 90' lang='lat' dir='ltr'>per·</span> 
     </span>
     <span class='ocr_line' id='line_1_9' title="bbox 159 1181 1274 1267; baseline -0.001 -20"><span class='ocrx_word' id='word_1_60' title='bbox 159 1184 274 1267; x_wconf 89' lang='lat' dir='ltr'>speotis</span> <span class='ocrx_word' id='word_1_61' title='bbox 290 1182 432 1247; x_wconf 91' lang='lat' dir='ltr'>omnibus</span> <span class='ocrx_word' id='word_1_62' title='bbox 449 1181 564 1246; x_wconf 91' lang='lat' dir='ltr'>morbis</span> <span class='ocrx_word' id='word_1_63' title='bbox 580 1183 764 1246; x_wconf 87' lang='lat' dir='ltr'>medicinam</span> <span class='ocrx_word' id='word_1_64' title='bbox 780 1181 923 1246; x_wconf 86' lang='lat' dir='ltr'>adhibere</span> <span class='ocrx_word' id='word_1_65' title='bbox 939 1183 1073 1246; x_wconf 86' lang='lat' dir='ltr'>festines</span> <span class='ocrx_word' id='word_1_66' title='bbox 1105 1183 1170 1247; x_wconf 79' lang='lat' dir='ltr'>Est</span> <span class='ocrx_word' id='word_1_67' title='bbox 1184 1185 1274 1246; x_wconf 90' lang='lat' dir='ltr'>ueri·</span> 
     </span>
     <span class='ocr_line' id='line_1_10' title="bbox 158 1284 1274 1367; baseline -0.002 -17"><span class='ocrx_word' id='word_1_68' title='bbox 158 1290 217 1350; x_wconf 85' lang='lat' dir='ltr'>tas</span> <span class='ocrx_word' id='word_1_69' title='bbox 248 1285 386 1350; x_wconf 78' lang='lat' dir='ltr'>Christi</span> <span class='ocrx_word' id='word_1_70' title='bbox 414 1286 451 1348; x_wconf 93' lang='lat' dir='ltr'>in</span> <span class='ocrx_word' id='word_1_71' title='bbox 480 1303 548 1364; x_wconf 91' lang='lat' dir='ltr'>me,</span> <span class='ocrx_word' id='word_1_72' title='bbox 583 1285 655 1365; x_wconf 89' lang='lat' dir='ltr'>qnia</span> <span class='ocrx_word' id='word_1_73' title='bbox 683 1288 805 1367; x_wconf 87' lang='lat' dir='ltr'>propter</span> <span class='ocrx_word' id='word_1_74' title='bbox 835 1284 1041 1349; x_wconf 84' lang='lat' dir='ltr'>uenerabilem</span> <span class='ocrx_word' id='word_1_75' title='bbox 1070 1286 1274 1349; x_wconf 88' lang='lat' dir='ltr'>reuerentiam</span> 
     </span>
     <span class='ocr_line' id='line_1_11' title="bbox 107 1387 1274 1477; baseline 0.003 -29"><span class='ocrx_word' id='word_1_76' title='bbox 107 1410 145 1452; x_wconf 84' lang='grc' dir='ltr'>ιο</span> <span class='ocrx_word' id='word_1_77' title='bbox 159 1387 332 1452; x_wconf 86' lang='lat' dir='ltr'>sanct‘tatis</span> <span class='ocrx_word' id='word_1_78' title='bbox 362 1391 433 1450; x_wconf 90' lang='lat' dir='ltr'>tuae</span> <span class='ocrx_word' id='word_1_79' title='bbox 456 1405 522 1450; x_wconf 90' lang='lat' dir='ltr'>esse</span> <span class='ocrx_word' id='word_1_80' title='bbox 544 1387 694 1469; x_wconf 91' lang='lat' dir='ltr'>inpudens</span> <span class='ocrx_word' id='word_1_81' title='bbox 717 1403 779 1450; x_wconf 91' lang='lat' dir='ltr'>non</span> <span class='ocrx_word' id='word_1_82' title='bbox 801 1387 954 1477; x_wconf 86' lang='lat' dir='ltr'>auderem,</span> <span class='ocrx_word' id='word_1_83' title='bbox 984 1387 1044 1450; x_wconf 91' lang='lat' dir='ltr'>nisi</span> <span class='ocrx_word' id='word_1_84' title='bbox 1074 1387 1207 1451; x_wconf 88' lang='lat' dir='ltr'>euidenti</span> <span class='ocrx_word' id='word_1_85' title='bbox 1227 1388 1274 1452; x_wconf 92' lang='lat' dir='ltr'>iu-</span> 
     </span>
     <span class='ocr_line' id='line_1_12' title="bbox 159 1489 1274 1572; baseline 0.001 -19"><span class='ocrx_word' id='word_1_86' title='bbox 159 1489 237 1553; x_wconf 92' lang='lat' dir='ltr'>dicio</span> <span class='ocrx_word' id='word_1_87' title='bbox 261 1491 291 1552; x_wconf 89' lang='lat' dir='ltr'>et</span> <span class='ocrx_word' id='word_1_88' title='bbox 313 1489 502 1553; x_wconf 82' lang='lat' dir='ltr'>ordinatione</span> <span class='ocrx_word' id='word_1_89' title='bbox 525 1489 573 1551; x_wconf 91' lang='lat' dir='ltr'>dei</span> <span class='ocrx_word' id='word_1_90' title='bbox 595 1490 633 1551; x_wconf 90' lang='lat' dir='ltr'>ad</span> <span class='ocrx_word' id='word_1_91' title='bbox 655 1489 737 1552; x_wconf 85' lang='lat' dir='ltr'>illius</span> <span class='ocrx_word' id='word_1_92' title='bbox 761 1489 839 1553; x_wconf 88' lang='lat' dir='ltr'>tanti</span> <span class='ocrx_word' id='word_1_93' title='bbox 862 1494 893 1552; x_wconf 88' lang='lat' dir='ltr'>et</span> <span class='ocrx_word' id='word_1_94' title='bbox 907 1489 978 1552; x_wconf 90' lang='lat' dir='ltr'>talis</span> <span class='ocrx_word' id='word_1_95' title='bbox 993 1490 1107 1572; x_wconf 88' lang='lat' dir='ltr'>populi,</span> <span class='ocrx_word' id='word_1_96' title='bbox 1130 1490 1179 1553; x_wconf 90' lang='lat' dir='ltr'>cui</span> <span class='ocrx_word' id='word_1_97' title='bbox 1194 1490 1274 1554; x_wconf 87' lang='lat' dir='ltr'>sicut</span> 
     </span>
     <span class='ocr_line' id='line_1_13' title="bbox 158 1591 1273 1675; baseline 0.001 -20"><span class='ocrx_word' id='word_1_98' title='bbox 158 1592 299 1675; x_wconf 87' lang='lat' dir='ltr'>peccanti</span> <span class='ocrx_word' id='word_1_99' title='bbox 320 1592 411 1675; x_wconf 88' lang='lat' dir='ltr'>plaga</span> <span class='ocrx_word' id='word_1_100' title='bbox 433 1591 567 1672; x_wconf 83' lang='lat' dir='ltr'>inposita</span> <span class='ocrx_word' id='word_1_101' title='bbox 590 1596 646 1671; x_wconf 88' lang='lat' dir='ltr'>est,</span> <span class='ocrx_word' id='word_1_102' title='bbox 670 1591 718 1655; x_wconf 91' lang='lat' dir='ltr'>sio·</span> <span class='ocrx_word' id='word_1_103' title='bbox 734 1595 805 1674; x_wconf 90' lang='lat' dir='ltr'>post</span> <span class='ocrx_word' id='word_1_104' title='bbox 826 1592 952 1674; x_wconf 84' lang='lat' dir='ltr'>plagam</span> <span class='ocrx_word' id='word_1_105' title='bbox 974 1609 1046 1655; x_wconf 88' lang='lat' dir='ltr'>cura</span> <span class='ocrx_word' id='word_1_106' title='bbox 1065 1591 1202 1672; x_wconf 89' lang='lat' dir='ltr'>debetur,</span> <span class='ocrx_word' id='word_1_107' title='bbox 1225 1613 1273 1657; x_wconf 88' lang='lat' dir='ltr'>re-</span> 
     </span>
     <span class='ocr_line' id='line_1_14' title="bbox 159 1686 1270 1778; baseline 0.001 -20"><span class='ocrx_word' id='word_1_108' title='bbox 159 1695 261 1758; x_wconf 84' lang='lat' dir='ltr'>media</span> <span class='ocrx_word' id='word_1_109' title='bbox 282 1695 463 1778; x_wconf 88' lang='lat' dir='ltr'>proferenda</span> <span class='ocrx_word' id='word_1_110' title='bbox 484 1698 515 1758; x_wconf 87' lang='lat' dir='ltr'>te</span> <span class='ocrx_word' id='word_1_111' title='bbox 541 1686 683 1774; x_wconf 87' lang='lat' dir='ltr'>electum,</span> <span class='ocrx_word' id='word_1_112' title='bbox 713 1712 763 1757; x_wconf 90' lang='lat' dir='ltr'>me</span> <span class='ocrx_word' id='word_1_113' title='bbox 792 1695 920 1758; x_wconf 86' lang='lat' dir='ltr'>missum</span> <span class='ocrx_word' id='word_1_114' title='bbox 952 1713 1018 1758; x_wconf 89' lang='lat' dir='ltr'>esse</span> <span class='ocrx_word' id='word_1_115' title='bbox 1047 1712 1270 1776; x_wconf 90' lang='lat' dir='ltr'>cognoscerem.</span> 
     </span>
     <span class='ocr_line' id='line_1_15' title="bbox 157 1797 1273 1879; baseline 0 -17"><span class='ocrx_word' id='word_1_116' title='bbox 157 1797 278 1862; x_wconf 83' lang='lat' dir='ltr'>Memor</span> <span class='ocrx_word' id='word_1_117' title='bbox 300 1798 371 1877; x_wconf 89' lang='lat' dir='ltr'>mei,</span> <span class='ocrx_word' id='word_1_118' title='bbox 394 1797 571 1861; x_wconf 89' lang='lat' dir='ltr'>beatissime</span> <span class='ocrx_word' id='word_1_119' title='bbox 593 1800 700 1879; x_wconf 84' lang='lat' dir='ltr'>pater„</span> <span class='ocrx_word' id='word_1_120' title='bbox 712 1797 949 1876; x_wconf 87' lang='lat' dir='ltr'>multorumque,</span> <span class='ocrx_word' id='word_1_121' title='bbox 973 1797 1023 1878; x_wconf 90' lang='lat' dir='ltr'>qui</span> <span class='ocrx_word' id='word_1_122' title='bbox 1044 1816 1166 1861; x_wconf 89' lang='lat' dir='ltr'>mecum</span> <span class='ocrx_word' id='word_1_123' title='bbox 1188 1799 1273 1862; x_wconf 87' lang='lat' dir='ltr'>uelut</span> 
     </span>
     <span class='ocr_line' id='line_1_16' title="bbox 107 1897 1271 1981; baseline 0.005 -23"><span class='ocrx_word' id='word_1_124' title='bbox 107 1919 145 1965; x_wconf 74' lang='lat' dir='ltr'>rs</span> <span class='ocrx_word' id='word_1_125' title='bbox 157 1919 208 1964; x_wconf 91' lang='lat' dir='ltr'>ros</span> <span class='ocrx_word' id='word_1_126' title='bbox 238 1900 391 1981; x_wconf 90' lang='lat' dir='ltr'>eloquium</span> <span class='ocrx_word' id='word_1_127' title='bbox 420 1902 509 1963; x_wconf 91' lang='lat' dir='ltr'>tunm</span> <span class='ocrx_word' id='word_1_128' title='bbox 531 1902 566 1963; x_wconf 91' lang='lat' dir='ltr'>ut</span> <span class='ocrx_word' id='word_1_129' title='bbox 595 1917 687 1981; x_wconf 88' lang='lat' dir='ltr'>super</span> <span class='ocrx_word' id='word_1_130' title='bbox 715 1917 766 1962; x_wconf 90' lang='lat' dir='ltr'>eos</span> <span class='ocrx_word' id='word_1_131' title='bbox 796 1897 959 1962; x_wconf 88' lang='lat' dir='ltr'>descendat</span> <span class='ocrx_word' id='word_1_132' title='bbox 989 1902 1174 1981; x_wconf 83' lang='lat' dir='ltr'>exspectent,</span> <span class='ocrx_word' id='word_1_133' title='bbox 1204 1919 1271 1964; x_wconf 87' lang='lat' dir='ltr'>esse</span> 
     </span>
     <span class='ocr_line' id='line_1_17' title="bbox 158 2002 292 2085; baseline 0.007 -20"><span class='ocrx_word' id='word_1_134' title='bbox 158 2002 292 2085; x_wconf 89' lang='lat' dir='ltr'>dignare.</span> 
     </span>
    </p>
   </div>
   <div class='ocr_carea' id='block_1_3' title="bbox 159 2162 1269 2318">
    <p class='ocr_par' dir='ltr' id='par_1_3' title="bbox 159 2162 1269 2318">
     <span class='ocr_line' id='line_1_18' title="bbox 259 2162 1269 2227; baseline 0.001 -9"><span class='ocrx_word' id='word_1_135' title='bbox 259 2163 360 2218; x_wconf 77' lang='lat' dir='ltr'>auom.</span> <span class='ocrx_word' id='word_1_136' title='bbox 370 2167 394 2226; x_wconf 88' lang='grc'>8,</span> <span class='ocrx_word' id='word_1_137' title='bbox 403 2165 448 2225; x_wconf 89' lang='grc'>20;</span> <span class='ocrx_word' id='word_1_138' title='bbox 460 2162 493 2216; x_wconf 81' lang='lat' dir='ltr'>cf.</span> <span class='ocrx_word' id='word_1_139' title='bbox 503 2163 585 2216; x_wconf 88' lang='lat' dir='ltr'>Prisc.</span> <span class='ocrx_word' id='word_1_140' title='bbox 595 2179 650 2216; x_wconf 81' lang='lat' dir='ltr'>cen.</span> <span class='ocrx_word' id='word_1_141' title='bbox 661 2162 714 2218; x_wconf 82' lang='lat' dir='ltr'>XO.</span> <span class='ocrx_word' id='word_1_142' title='bbox 761 2165 777 2218; x_wconf 87' lang='grc'><strong>5</strong></span> <span class='ocrx_word' id='word_1_143' title='bbox 789 2162 852 2217; x_wconf 90' lang='lat' dir='ltr'>ibid.</span> <span class='ocrx_word' id='word_1_144' title='bbox 862 2179 887 2216; x_wconf 89' lang='lat' dir='ltr'>u.</span> <span class='ocrx_word' id='word_1_145' title='bbox 898 2164 939 2218; x_wconf 91' lang='grc'>21.</span> <span class='ocrx_word' id='word_1_146' title='bbox 948 2165 989 2218; x_wconf 85' lang='grc'>20.</span> <span class='ocrx_word' id='word_1_147' title='bbox 1036 2166 1052 2220; x_wconf 93' lang='grc'>8</span> <span class='ocrx_word' id='word_1_148' title='bbox 1064 2164 1100 2217; x_wconf 91' lang='grc' dir='ltr'>ΙΙ.</span> <span class='ocrx_word' id='word_1_149' title='bbox 1111 2163 1168 2218; x_wconf 79' lang='lat' dir='ltr'>Cor.</span> <span class='ocrx_word' id='word_1_150' title='bbox 1180 2167 1219 2227; x_wconf 92' lang='grc'>11,</span> <span class='ocrx_word' id='word_1_151' title='bbox 1231 2168 1269 2221; x_wconf 87' lang='lat'>10.</span> 
     </span>
     <span class='ocr_line' id='line_1_19' title="bbox 159 2247 1234 2318; baseline -0.001 -14"><span class='ocrx_word' id='word_1_152' title='bbox 159 2250 190 2304; x_wconf 91' lang='grc'>12</span> <span class='ocrx_word' id='word_1_153' title='bbox 208 2248 276 2318; x_wconf 84' lang='lat' dir='ltr'>plag.</span> <span class='ocrx_word' id='word_1_154' title='bbox 289 2248 355 2317; x_wconf 76' lang='lat' dir='ltr'>inp]</span> <span class='ocrx_word' id='word_1_155' title='bbox 374 2247 407 2302; x_wconf 83' lang='lat' dir='ltr'>cl.</span> <span class='ocrx_word' id='word_1_156' title='bbox 419 2248 499 2302; x_wconf 84' lang='lat' dir='ltr'>Exod.</span> <span class='ocrx_word' id='word_1_157' title='bbox 512 2251 536 2312; x_wconf 87' lang='lat'>9,</span> <span class='ocrx_word' id='word_1_158' title='bbox 550 2251 593 2310; x_wconf 83' lang='grc'>14;</span> <span class='ocrx_word' id='word_1_159' title='bbox 611 2248 647 2302; x_wconf 90' lang='lat'>11.</span> <span class='ocrx_word' id='word_1_160' title='bbox 660 2249 723 2316; x_wconf 82' lang='lat' dir='ltr'>Reg.</span> <span class='ocrx_word' id='word_1_161' title='bbox 738 2251 777 2312; x_wconf 85' lang='grc'>17,</span> <span class='ocrx_word' id='word_1_162' title='bbox 790 2252 818 2310; x_wconf 90' lang='grc'>9;</span> <span class='ocrx_word' id='word_1_163' title='bbox 835 2248 898 2302; x_wconf 88' lang='lat' dir='ltr'>Luc.</span> <span class='ocrx_word' id='word_1_164' title='bbox 912 2252 951 2311; x_wconf 89' lang='lat'>10,</span> <span class='ocrx_word' id='word_1_165' title='bbox 963 2252 1008 2310; x_wconf 81' lang='lat'>30;</span> <span class='ocrx_word' id='word_1_166' title='bbox 1026 2249 1084 2303; x_wconf 86' lang='lat' dir='ltr'>Act.</span> <span class='ocrx_word' id='word_1_167' title='bbox 1099 2253 1138 2313; x_wconf 88' lang='lat'>16,</span> <span class='ocrx_word' id='word_1_168' title='bbox 1151 2253 1184 2305; x_wconf 90' lang='grc'>23</span> <span class='ocrx_word' id='word_1_169' title='bbox 1201 2250 1234 2304; x_wconf 81' lang='lat' dir='ltr'>al.</span> 
     </span>
    </p>
   </div>
   <div class='ocr_carea' id='block_1_4' title="bbox 258 2369 1268 2439">
    <p class='ocr_par' dir='ltr' id='par_1_4' title="bbox 258 2369 1268 2439">
     <span class='ocr_line' id='line_1_20' title="bbox 258 2369 1268 2439; baseline -0.002 -13"><span class='ocrx_word' id='word_1_170' title='bbox 258 2375 275 2426; x_wconf 87' lang='grc'>4</span> <span class='ocrx_word' id='word_1_171' title='bbox 293 2370 345 2424; x_wconf 86' lang='lat' dir='ltr'>uid.</span> <span class='ocrx_word' id='word_1_172' title='bbox 359 2387 438 2439; x_wconf 81' lang='lat' dir='ltr'>supra</span> <span class='ocrx_word' id='word_1_173' title='bbox 453 2387 478 2439; x_wconf 89' lang='lat' dir='ltr'>p.</span> <span class='ocrx_word' id='word_1_174' title='bbox 493 2373 532 2433; x_wconf 81' lang='lat'>14,</span> <span class='ocrx_word' id='word_1_175' title='bbox 547 2374 590 2432; x_wconf 87' lang='lat'>15;</span> <span class='ocrx_word' id='word_1_176' title='bbox 608 2371 649 2432; x_wconf 93' lang='grc'>22,</span> <span class='ocrx_word' id='word_1_177' title='bbox 660 2371 694 2424; x_wconf 85' lang='grc'>20</span> <span class='ocrx_word' id='word_1_178' title='bbox 712 2369 757 2432; x_wconf 78' lang='lat' dir='ltr'>al.;</span> <span class='ocrx_word' id='word_1_179' title='bbox 775 2371 887 2439; x_wconf 74' lang='lat' dir='ltr'>August.</span> <span class='ocrx_word' id='word_1_180' title='bbox 901 2377 992 2425; x_wconf 82' lang='lat' dir='ltr'>contro</span> <span class='ocrx_word' id='word_1_181' title='bbox 1005 2371 1168 2425; x_wconf 74' lang='lat' dir='ltr'>Prienen</span> <span class='ocrx_word' id='word_1_182' title='bbox 1187 2378 1211 2425; x_wconf 83' lang='lat' dir='ltr'>et</span> <span class='ocrx_word' id='word_1_183' title='bbox 1228 2375 1268 2425; x_wconf 75' lang='lat'>14.</span> 
     </span>
    </p>
   </div>
   <div class='ocr_carea' id='block_1_5' title="bbox 156 2504 1333 2916">
    <p class='ocr_par' dir='ltr' id='par_1_5' title="bbox 156 2504 1333 2916">
     <span class='ocr_line' id='line_1_21' title="bbox 200 2504 1333 2575; baseline 0 -12"><span class='ocrx_word' id='word_1_184' title='bbox 200 2510 213 2563; x_wconf 93' lang='lat' dir='ltr'>l</span> <span class='ocrx_word' id='word_1_185' title='bbox 237 2523 348 2575; x_wconf 81' lang='lat' dir='ltr'>usquam</span> <span class='ocrx_word' id='word_1_186' title='bbox 366 2510 400 2574; x_wconf 97' lang='lat' dir='ltr'>A,</span> <span class='ocrx_word' id='word_1_187' title='bbox 422 2522 548 2574; x_wconf 86' lang='lat' dir='ltr'>umquam</span> <span class='ocrx_word' id='word_1_188' title='bbox 570 2505 632 2574; x_wconf 72' lang='lat' dir='ltr'>Bu,</span> <span class='ocrx_word' id='word_1_189' title='bbox 654 2504 793 2562; x_wconf 78' lang='lat' dir='ltr'>‘Uaticana&#39;</span> <span class='ocrx_word' id='word_1_190' title='bbox 816 2524 875 2562; x_wconf 77' lang='lat' dir='ltr'>oasa.</span> <span class='ocrx_word' id='word_1_191' title='bbox 894 2524 953 2561; x_wconf 81' lang='lat' dir='ltr'>cum</span> <span class='ocrx_word' id='word_1_192' title='bbox 976 2508 1014 2560; x_wconf 85' lang='lat' dir='ltr'>ed.</span> <span class='ocrx_word' id='word_1_193' title='bbox 1033 2508 1093 2562; x_wconf 86' lang='lat' dir='ltr'>Am.</span> <span class='ocrx_word' id='word_1_194' title='bbox 1117 2514 1141 2561; x_wconf 87' lang='lat' dir='ltr'>et</span> <span class='ocrx_word' id='word_1_195' title='bbox 1163 2509 1267 2563; x_wconf 82' lang='lat' dir='ltr'>Eresm.</span> <span class='ocrx_word' id='word_1_196' title='bbox 1332 2544 1333 2547; x_wconf 61' lang='lat'><em>=</em></span> 
     </span>
     <span class='ocr_line' id='line_1_22' title="bbox 156 2590 1270 2661; baseline 0.002 -16"><span class='ocrx_word' id='word_1_197' title='bbox 156 2608 267 2660; x_wconf 85' lang='lat' dir='ltr'>usquam</span> <span class='ocrx_word' id='word_1_198' title='bbox 289 2591 376 2645; x_wconf 85' lang='lat' dir='ltr'>iuisso&#39;</span> <span class='ocrx_word' id='word_1_199' title='bbox 399 2592 414 2646; x_wconf 83' lang='lat' dir='ltr'>b</span> <span class='ocrx_word' id='word_1_200' title='bbox 482 2593 498 2646; x_wconf 94' lang='grc'>2</span> <span class='ocrx_word' id='word_1_201' title='bbox 525 2590 578 2644; x_wconf 91' lang='lat' dir='ltr'>ullo</span> <span class='ocrx_word' id='word_1_202' title='bbox 605 2605 711 2659; x_wconf 87' lang='lat' dir='ltr'>corpore</span> <span class='ocrx_word' id='word_1_203' title='bbox 738 2591 766 2645; x_wconf 90' lang='lat' dir='ltr'><em>B</em></span> <span class='ocrx_word' id='word_1_204' title='bbox 833 2591 1086 2661; x_wconf 74' lang='lat' dir='ltr'>Sintellegondam]</span> <span class='ocrx_word' id='word_1_205' title='bbox 1110 2591 1223 2648; x_wconf 81' lang='lat' dir='ltr'>‘Amcrb</span> <span class='ocrx_word' id='word_1_206' title='bbox 1246 2601 1270 2648; x_wconf 84' lang='lat' dir='ltr'>et</span> 
     </span>
     <span class='ocr_line' id='line_1_23' title="bbox 157 2675 1269 2747; baseline 0 -14"><span class='ocrx_word' id='word_1_207' title='bbox 157 2679 263 2733; x_wconf 83' lang='lat' dir='ltr'>Eruom.</span> <span class='ocrx_word' id='word_1_208' title='bbox 276 2679 315 2731; x_wconf 84' lang='lat' dir='ltr'>cd.</span> <span class='ocrx_word' id='word_1_209' title='bbox 328 2675 594 2739; x_wconf 79' lang='lat' dir='ltr'>intellectamesse&#39;b</span> <span class='ocrx_word' id='word_1_210' title='bbox 646 2675 847 2730; x_wconf 73' lang='lat' dir='ltr'>delementario</span> <span class='ocrx_word' id='word_1_211' title='bbox 860 2677 1035 2744; x_wconf 81' lang='lat' dir='ltr'>ossolnlgoris</span> <span class='ocrx_word' id='word_1_212' title='bbox 1048 2681 1073 2731; x_wconf 97' lang='lat' dir='ltr'><strong><em>A</em></strong></span> <span class='ocrx_word' id='word_1_213' title='bbox 1125 2680 1269 2747; x_wconf 80' lang='lat' dir='ltr'>bspemA</span> 
     </span>
     <span class='ocr_line' id='line_1_24' title="bbox 156 2759 1269 2832; baseline 0.002 -14"><span class='ocrx_word' id='word_1_214' title='bbox 156 2763 253 2818; x_wconf 82' lang='lat' dir='ltr'>&#39;lhaeo</span> <span class='ocrx_word' id='word_1_215' title='bbox 270 2765 305 2828; x_wconf 90' lang='lat' dir='ltr'>A,</span> <span class='ocrx_word' id='word_1_216' title='bbox 327 2763 376 2831; x_wconf 71' lang='lat' dir='ltr'>hec</span> <span class='ocrx_word' id='word_1_217' title='bbox 394 2762 429 2828; x_wconf 90' lang='lat' dir='ltr'>B,</span> <span class='ocrx_word' id='word_1_218' title='bbox 450 2759 544 2816; x_wconf 60' lang='lat' dir='ltr'>hond)</span> <span class='ocrx_word' id='word_1_219' title='bbox 614 2764 645 2816; x_wconf 89' lang='lat' dir='ltr'>lo</span> <span class='ocrx_word' id='word_1_220' title='bbox 669 2760 762 2814; x_wconf 87' lang='lat' dir='ltr'>inditio</span> <span class='ocrx_word' id='word_1_221' title='bbox 780 2764 807 2818; x_wconf 93' lang='lat' dir='ltr'><strong><em>A</em></strong></span> <span class='ocrx_word' id='word_1_222' title='bbox 876 2764 908 2817; x_wconf 84' lang='lat'>12</span> <span class='ocrx_word' id='word_1_223' title='bbox 931 2763 1060 2832; x_wconf 85' lang='lat' dir='ltr'>peccanti]</span> <span class='ocrx_word' id='word_1_224' title='bbox 1084 2767 1220 2832; x_wconf 82' lang='lat' dir='ltr'>peccatum</span> <span class='ocrx_word' id='word_1_225' title='bbox 1242 2766 1269 2820; x_wconf 91' lang='lat' dir='ltr'><em>B</em></span> 
     </span>
     <span class='ocr_line' id='line_1_25' title="bbox 156 2846 1269 2916; baseline 0.002 -16"><span class='ocrx_word' id='word_1_226' title='bbox 156 2847 265 2900; x_wconf 82' lang='lat' dir='ltr'>debetur</span> <span class='ocrx_word' id='word_1_227' title='bbox 287 2847 320 2900; x_wconf 86' lang='lat' dir='ltr'>ad</span> <span class='ocrx_word' id='word_1_228' title='bbox 342 2863 405 2900; x_wconf 87' lang='lat' dir='ltr'>rem.</span> <span class='ocrx_word' id='word_1_229' title='bbox 427 2848 454 2901; x_wconf 93' lang='lat' dir='ltr'><em>B</em></span> <span class='ocrx_word' id='word_1_230' title='bbox 524 2849 556 2901; x_wconf 84' lang='grc'>14</span> <span class='ocrx_word' id='word_1_231' title='bbox 578 2846 787 2914; x_wconf 73' lang='lat' dir='ltr'>multorumqnde</span> <span class='ocrx_word' id='word_1_232' title='bbox 808 2849 844 2915; x_wconf 90' lang='lat' dir='ltr'>A,</span> <span class='ocrx_word' id='word_1_233' title='bbox 870 2848 1064 2916; x_wconf 87' lang='lat' dir='ltr'>multorumque</span> <span class='ocrx_word' id='word_1_234' title='bbox 1087 2864 1197 2902; x_wconf 88' lang='lat' dir='ltr'>mecum.</span> <span class='ocrx_word' id='word_1_235' title='bbox 1224 2851 1269 2916; x_wconf 89' lang='lat' dir='ltr'>qui</span> 
     </span>
    </p>
   </div>
   <div class='ocr_carea' id='block_1_6' title="bbox 155 2935 1268 3210">
    <p class='ocr_par' dir='ltr' id='par_1_6' title="bbox 155 2935 1268 3210">
     <span class='ocr_line' id='line_1_26' title="bbox 155 2935 1268 3058; baseline -0.001 -31"><span class='ocrx_word' id='word_1_236' title='bbox 155 2973 273 3058; x_wconf 69' lang='lat' dir='ltr'>ueruep</span> <span class='ocrx_word' id='word_1_237' title='bbox 343 2976 374 3030; x_wconf 79' lang='lat' dir='ltr'>rc</span> <span class='ocrx_word' id='word_1_238' title='bbox 392 2973 506 3042; x_wconf 68' lang='lat' dir='ltr'>regnare.</span> <span class='ocrx_word' id='word_1_239' title='bbox 529 2973 664 3030; x_wconf 74' lang='lat' dir='ltr'>nmmo</span> <span class='ocrx_word' id='word_1_240' title='bbox 683 2935 849 3030; x_wconf 73' lang='lat' dir='ltr'>coriorum</span> <span class='ocrx_word' id='word_1_241' title='bbox 868 2973 989 3029; x_wconf 85' lang='lat' dir='ltr'>onosn</span> <span class='ocrx_word' id='word_1_242' title='bbox 1010 2975 1058 3028; x_wconf 81' lang='lat' dir='ltr'>no</span> <span class='ocrx_word' id='word_1_243' title='bbox 1081 2959 1146 3028; x_wconf 72' lang='lat' dir='ltr'>ssia</span> <span class='ocrx_word' id='word_1_244' title='bbox 1163 2975 1268 3029; x_wconf 76' lang='lat' dir='ltr'>uvor-</span> 
     </span>
     <span class='ocr_line' id='line_1_27' title="bbox 156 3058 1268 3126; baseline 0 -14"><span class='ocrx_word' id='word_1_245' title='bbox 156 3059 263 3112; x_wconf 77' lang='lat' dir='ltr'>srnuv</span> <span class='ocrx_word' id='word_1_246' title='bbox 284 3061 311 3115; x_wconf 82' lang='lat' dir='ltr'><strong><em>A</em></strong></span> <span class='ocrx_word' id='word_1_247' title='bbox 381 3059 496 3126; x_wconf 79' lang='lat' dir='ltr'>dignare.</span> <span class='ocrx_word' id='word_1_248' title='bbox 518 3058 655 3114; x_wconf 83' lang='lat' dir='ltr'>rnorem</span> <span class='ocrx_word' id='word_1_249' title='bbox 678 3058 875 3113; x_wconf 81' lang='lat' dir='ltr'>ensronsro</span> <span class='ocrx_word' id='word_1_250' title='bbox 899 3060 1045 3113; x_wconf 82' lang='lat' dir='ltr'>nvennu</span> <span class='ocrx_word' id='word_1_251' title='bbox 1069 3059 1268 3114; x_wconf 81' lang='lat' dir='ltr'>nvovsrrnr</span> 
     </span>
     <span class='ocr_line' id='line_1_28' title="bbox 156 3144 300 3210; baseline 0 -13"><span class='ocrx_word' id='word_1_252' title='bbox 156 3144 300 3210; x_wconf 67' lang='lat' dir='ltr'>ousR</span> 
     </span>
    </p>
   </div>
   <div class='ocr_carea' id='block_1_7' title="bbox 0 0 1410 4634">
    <p class='ocr_par' dir='ltr' id='par_1_7' title="bbox 0 0 1410 4634">
     <span class='ocr_line' id='line_1_29' title="bbox 0 0 1410 4634; baseline 0 2"><span class='ocrx_word' id='word_1_253' title='bbox 0 0 1410 4634; x_wconf 95' lang='lat' dir='ltr'> </span> 
     </span>
    </p>
   </div>
  </div>
 </body>
</html>
