<?xml version="1.0" encoding="UTF-8"?>
<!DOCTYPE html PUBLIC "-//W3C//DTD XHTML 1.0 Transitional//EN"
    "http://www.w3.org/TR/xhtml1/DTD/xhtml1-transitional.dtd">
<html xmlns="http://www.w3.org/1999/xhtml" xml:lang="en" lang="en">
 <head>
  <title>
</title>
<meta http-equiv="Content-Type" content="text/html;charset=utf-8" />
  <meta name='ocr-system' content='tesseract 3.04.00' />
  <meta name='ocr-capabilities' content='ocr_page ocr_carea ocr_par ocr_line ocrx_word'/>
</head>
<body>
  <div class='ocr_page' id='page_1' title='image "./priscillianiqva01schegoog/priscillianiqva01schegoog_0131.png"; bbox 0 0 2812 4634; ppageno 0'>
   <div class='ocr_carea' id='block_1_1' title="bbox 549 301 1217 370">
    <p class='ocr_par' dir='ltr' id='par_1_1' title="bbox 549 301 1217 370">
     <span class='ocr_line' id='line_1_1' title="bbox 549 301 1217 370; baseline -0.006 -3"><span class='ocrx_word' id='word_1_1' title='bbox 549 319 711 368; x_wconf 86' lang='lat' dir='ltr'>tractatus</span> <span class='ocrx_word' id='word_1_2' title='bbox 731 317 774 370; x_wconf 93' lang='lat' dir='ltr'>Vl.</span> <span class='ocrx_word' id='word_1_3' title='bbox 1178 301 1217 363; x_wconf 75' lang='grc'>77</span> 
     </span>
    </p>
   </div>
   <div class='ocr_carea' id='block_1_2' title="bbox 59 469 1296 3010">
    <p class='ocr_par' dir='ltr' id='par_1_2' title="bbox 59 469 1296 3010">
     <span class='ocr_line' id='line_1_2' title="bbox 106 469 1217 553; baseline 0.004 -19"><span class='ocrx_word' id='word_1_4' title='bbox 106 471 233 534; x_wconf 90' lang='lat' dir='ltr'>arduum</span> <span class='ocrx_word' id='word_1_5' title='bbox 256 471 377 540; x_wconf 86' lang='lat' dir='ltr'>diuinae</span> <span class='ocrx_word' id='word_1_6' title='bbox 404 469 631 553; x_wconf 76' lang='lat' dir='ltr'>intellegentiae</span> <span class='ocrx_word' id='word_1_7' title='bbox 653 473 710 533; x_wconf 88' lang='lat' dir='ltr'>iter·</span> <span class='ocrx_word' id='word_1_8' title='bbox 731 473 819 535; x_wconf 93' lang='lat' dir='ltr'>uelut</span> <span class='ocrx_word' id='word_1_9' title='bbox 840 472 919 536; x_wconf 90' lang='lat' dir='ltr'>cliuo</span> <span class='ocrx_word' id='word_1_10' title='bbox 941 474 1077 538; x_wconf 83' lang='lat' dir='ltr'>molliore</span> <span class='ocrx_word' id='word_1_11' title='bbox 1099 474 1217 553; x_wconf 83' lang='lat' dir='ltr'>leniret,</span> 
     </span>
     <span class='ocr_line' id='line_1_3' title="bbox 105 567 1218 656; baseline 0.004 -22"><span class='ocrx_word' id='word_1_12' title='bbox 105 574 238 654; x_wconf 86' lang='lat' dir='ltr'>primum</span> <span class='ocrx_word' id='word_1_13' title='bbox 254 591 308 654; x_wconf 89' lang='lat' dir='ltr'>per</span> <span class='ocrx_word' id='word_1_14' title='bbox 347 572 476 654; x_wconf 86' lang='lat' dir='ltr'>Moysen</span> <span class='ocrx_word' id='word_1_15' title='bbox 492 573 563 637; x_wconf 88' lang='lat' dir='ltr'>data</span> <span class='ocrx_word' id='word_1_16' title='bbox 577 573 654 654; x_wconf 85' lang='lat' dir='ltr'>lege,</span> <span class='ocrx_word' id='word_1_17' title='bbox 675 573 838 654; x_wconf 89' lang='lat' dir='ltr'>prohibens</span> <span class='ocrx_word' id='word_1_18' title='bbox 854 592 955 637; x_wconf 92' lang='lat' dir='ltr'>omne</span> <span class='ocrx_word' id='word_1_19' title='bbox 971 567 1104 638; x_wconf 82' lang='lat' dir='ltr'>idolum</span> <span class='ocrx_word' id='word_1_20' title='bbox 1125 576 1218 656; x_wconf 88' lang='lat' dir='ltr'>quod</span> 
     </span>
     <span class='ocr_line' id='line_1_4' title="bbox 105 674 1218 756; baseline 0.004 -20"><span class='ocrx_word' id='word_1_21' title='bbox 105 680 203 738; x_wconf 90' lang='lat' dir='ltr'>esset</span> <span class='ocrx_word' id='word_1_22' title='bbox 225 676 261 738; x_wconf 94' lang='lat' dir='ltr'>in</span> <span class='ocrx_word' id='word_1_23' title='bbox 283 675 384 740; x_wconf 86' lang='lat' dir='ltr'>caelo</span> <span class='ocrx_word' id='word_1_24' title='bbox 407 675 485 738; x_wconf 89' lang='lat' dir='ltr'>siue</span> <span class='ocrx_word' id='word_1_25' title='bbox 506 674 542 738; x_wconf 89' lang='lat' dir='ltr'>in</span> <span class='ocrx_word' id='word_1_26' title='bbox 565 679 664 738; x_wconf 85' lang='lat' dir='ltr'>terra</span> <span class='ocrx_word' id='word_1_27' title='bbox 686 676 763 738; x_wconf 87' lang='lat' dir='ltr'>siue</span> <span class='ocrx_word' id='word_1_28' title='bbox 779 676 813 738; x_wconf 94' lang='lat' dir='ltr'>in</span> <span class='ocrx_word' id='word_1_29' title='bbox 829 677 943 756; x_wconf 88' lang='lat' dir='ltr'>aquis,</span> <span class='ocrx_word' id='word_1_30' title='bbox 966 678 1121 741; x_wconf 83' lang='lat' dir='ltr'>detestans</span> <span class='ocrx_word' id='word_1_31' title='bbox 1137 678 1218 741; x_wconf 90' lang='lat' dir='ltr'>mili-</span> 
     </span>
     <span class='ocr_line' id='line_1_5' title="bbox 105 777 1216 861; baseline 0.003 -20"><span class='ocrx_word' id='word_1_32' title='bbox 105 777 178 841; x_wconf 86' lang='lat' dir='ltr'>tiam</span> <span class='ocrx_word' id='word_1_33' title='bbox 199 778 405 859; x_wconf 79' lang='lat' dir='ltr'>principatum</span> <span class='ocrx_word' id='word_1_34' title='bbox 425 777 539 841; x_wconf 85' lang='lat' dir='ltr'>saeculi</span> <span class='ocrx_word' id='word_1_35' title='bbox 553 795 630 859; x_wconf 88' lang='lat' dir='ltr'>quae</span> <span class='ocrx_word' id='word_1_36' title='bbox 647 782 790 859; x_wconf 84' lang='lat' dir='ltr'>operatur</span> <span class='ocrx_word' id='word_1_37' title='bbox 803 780 835 842; x_wconf 91' lang='lat' dir='ltr'>in</span> <span class='ocrx_word' id='word_1_38' title='bbox 850 779 1085 861; x_wconf 82' lang='lat' dir='ltr'>cogitationibus</span> <span class='ocrx_word' id='word_1_39' title='bbox 1101 780 1216 844; x_wconf 90' lang='lat' dir='ltr'>nociuis</span> 
     </span>
     <span class='ocr_line' id='line_1_6' title="bbox 79 878 1216 961; baseline 0.004 -19"><span class='ocrx_word' id='word_1_40' title='bbox 79 904 91 942; x_wconf 79' lang='lat' dir='ltr'>a</span> <span class='ocrx_word' id='word_1_41' title='bbox 104 884 134 942; x_wconf 90' lang='lat' dir='ltr'>et</span> <span class='ocrx_word' id='word_1_42' title='bbox 149 878 325 943; x_wconf 86' lang='lat' dir='ltr'>castificans</span> <span class='ocrx_word' id='word_1_43' title='bbox 339 879 369 943; x_wconf 91' lang='lat' dir='ltr'>in</span> <span class='ocrx_word' id='word_1_44' title='bbox 382 880 431 946; x_wconf 91' lang='lat' dir='ltr'>his</span> <span class='ocrx_word' id='word_1_45' title='bbox 447 896 522 961; x_wconf 90' lang='lat' dir='ltr'>opus</span> <span class='ocrx_word' id='word_1_46' title='bbox 538 880 649 959; x_wconf 84' lang='lat' dir='ltr'>carnis,</span> <span class='ocrx_word' id='word_1_47' title='bbox 665 899 704 943; x_wconf 89' lang='lat' dir='ltr'>ne</span> <span class='ocrx_word' id='word_1_48' title='bbox 720 880 792 960; x_wconf 91' lang='lat' dir='ltr'>quid</span> <span class='ocrx_word' id='word_1_49' title='bbox 808 879 899 944; x_wconf 92' lang='lat' dir='ltr'>homo</span> <span class='ocrx_word' id='word_1_50' title='bbox 915 886 999 944; x_wconf 83' lang='lat' dir='ltr'>entra</span> <span class='ocrx_word' id='word_1_51' title='bbox 1015 900 1110 946; x_wconf 88' lang='lat' dir='ltr'>uuum</span> <span class='ocrx_word' id='word_1_52' title='bbox 1124 883 1216 946; x_wconf 89' lang='lat' dir='ltr'>deum</span> 
     </span>
     <span class='ocr_line' id='line_1_7' title="bbox 103 981 1216 1065; baseline 0.004 -21"><span class='ocrx_word' id='word_1_53' title='bbox 103 984 188 1045; x_wconf 90' lang='lat' dir='ltr'>uelut</span> <span class='ocrx_word' id='word_1_54' title='bbox 211 982 303 1045; x_wconf 90' lang='lat' dir='ltr'>deum</span> <span class='ocrx_word' id='word_1_55' title='bbox 319 981 422 1061; x_wconf 87' lang='lat' dir='ltr'>uellet,</span> <span class='ocrx_word' id='word_1_56' title='bbox 444 981 682 1064; x_wconf 63' lang='lat' dir='ltr'>praecepti&#39;fine</span> <span class='ocrx_word' id='word_1_57' title='bbox 698 984 874 1063; x_wconf 81' lang='lat' dir='ltr'>conpescuit</span> <span class='ocrx_word' id='word_1_58' title='bbox 898 987 937 1062; x_wconf 86' lang='lat' dir='ltr'>et,</span> <span class='ocrx_word' id='word_1_59' title='bbox 960 1002 1031 1047; x_wconf 94' lang='lat' dir='ltr'>cum</span> <span class='ocrx_word' id='word_1_60' title='bbox 1046 985 1216 1065; x_wconf 90' lang='lat' dir='ltr'>unumquid</span> 
     </span>
     <span class='ocr_line' id='line_1_8' title="bbox 103 1084 1214 1167; baseline 0.004 -22"><span class='ocrx_word' id='word_1_61' title='bbox 103 1085 132 1146; x_wconf 90' lang='lat' dir='ltr'>in</span> <span class='ocrx_word' id='word_1_62' title='bbox 164 1084 347 1147; x_wconf 87' lang='lat' dir='ltr'>sacrificium</span> <span class='ocrx_word' id='word_1_63' title='bbox 370 1087 497 1165; x_wconf 85' lang='lat' dir='ltr'>peteret,</span> <span class='ocrx_word' id='word_1_64' title='bbox 527 1085 622 1147; x_wconf 93' lang='lat' dir='ltr'>occidi</span> <span class='ocrx_word' id='word_1_65' title='bbox 644 1101 704 1147; x_wconf 93' lang='lat' dir='ltr'>non</span> <span class='ocrx_word' id='word_1_66' title='bbox 731 1102 874 1166; x_wconf 86' lang='lat' dir='ltr'>pecorum</span> <span class='ocrx_word' id='word_1_67' title='bbox 899 1087 1080 1167; x_wconf 81' lang='lat' dir='ltr'>sanguinem</span> <span class='ocrx_word' id='word_1_68' title='bbox 1106 1087 1214 1166; x_wconf 91' lang='lat' dir='ltr'>uoluit,</span> 
     </span>
     <span class='ocr_line' id='line_1_9' title="bbox 102 1185 1214 1267; baseline 0.004 -21"><span class='ocrx_word' id='word_1_69' title='bbox 102 1186 156 1248; x_wconf 91' lang='lat' dir='ltr'>sed</span> <span class='ocrx_word' id='word_1_70' title='bbox 186 1185 281 1250; x_wconf 92' lang='lat' dir='ltr'>occidi</span> <span class='ocrx_word' id='word_1_71' title='bbox 307 1187 339 1249; x_wconf 91' lang='lat' dir='ltr'>in</span> <span class='ocrx_word' id='word_1_72' title='bbox 362 1186 449 1249; x_wconf 93' lang='lat' dir='ltr'>nobis</span> <span class='ocrx_word' id='word_1_73' title='bbox 472 1203 509 1249; x_wconf 87' lang='lat' dir='ltr'>ea</span> <span class='ocrx_word' id='word_1_74' title='bbox 533 1202 611 1267; x_wconf 87' lang='lat' dir='ltr'>quae</span> <span class='ocrx_word' id='word_1_75' title='bbox 633 1187 778 1250; x_wconf 91' lang='lat' dir='ltr'>uitiorum</span> <span class='ocrx_word' id='word_1_76' title='bbox 800 1191 910 1250; x_wconf 87' lang='lat' dir='ltr'>natura</span> <span class='ocrx_word' id='word_1_77' title='bbox 931 1188 1047 1252; x_wconf 84' lang='lat' dir='ltr'>idolicis</span> <span class='ocrx_word' id='word_1_78' title='bbox 1070 1189 1101 1250; x_wconf 92' lang='lat' dir='ltr'>iu</span> <span class='ocrx_word' id='word_1_79' title='bbox 1124 1206 1214 1251; x_wconf 88' lang='lat' dir='ltr'>carne</span> 
     </span>
     <span class='ocr_line' id='line_1_10' title="bbox 100 1286 1296 1372; baseline 0 -20"><span class='ocrx_word' id='word_1_80' title='bbox 100 1289 205 1352; x_wconf 84' lang='lat' dir='ltr'>l&#39;ormis</span> <span class='ocrx_word' id='word_1_81' title='bbox 221 1293 431 1370; x_wconf 86' lang='lat' dir='ltr'>occupauerat,</span> <span class='ocrx_word' id='word_1_82' title='bbox 455 1289 574 1352; x_wconf 87' lang='lat' dir='ltr'>dicente</span> <span class='ocrx_word' id='word_1_83' title='bbox 596 1288 633 1352; x_wconf 86' lang='lat' dir='ltr'>de</span> <span class='ocrx_word' id='word_1_84' title='bbox 653 1286 834 1371; x_wconf 72' lang='lat' dir='ltr'>huiusllmodi</span> <span class='ocrx_word' id='word_1_85' title='bbox 856 1292 1005 1370; x_wconf 90' lang='lat' dir='ltr'>apostolo:</span> <span class='ocrx_word' id='word_1_86' title='bbox 1029 1309 1097 1354; x_wconf 91' lang='lat' dir='ltr'>non</span> <span class='ocrx_word' id='word_1_87' title='bbox 1120 1292 1213 1372; x_wconf 89' lang='lat' dir='ltr'>quod</span> <span class='ocrx_word' id='word_1_88' title='bbox 1240 1298 1296 1352; x_wconf 87' lang='lat'>104</span> 
     </span>
     <span class='ocr_line' id='line_1_11' title="bbox 63 1391 1212 1472; baseline 0.003 -19"><span class='ocrx_word' id='word_1_89' title='bbox 63 1392 240 1454; x_wconf 78' lang='lat' dir='ltr'>roidolum</span> <span class='ocrx_word' id='word_1_90' title='bbox 274 1392 322 1454; x_wconf 87' lang='lat' dir='ltr'>sit</span> <span class='ocrx_word' id='word_1_91' title='bbox 357 1391 511 1472; x_wconf 88' lang='lat' dir='ltr'>aliquid,</span> <span class='ocrx_word' id='word_1_92' title='bbox 545 1392 607 1455; x_wconf 90' lang='lat' dir='ltr'>sed</span> <span class='ocrx_word' id='word_1_93' title='bbox 640 1407 730 1472; x_wconf 86' lang='lat' dir='ltr'>quae</span> <span class='ocrx_word' id='word_1_94' title='bbox 762 1393 978 1456; x_wconf 79' lang='lat' dir='ltr'>sacrificant</span> <span class='ocrx_word' id='word_1_95' title='bbox 1011 1393 1212 1457; x_wconf 85' lang='lat' dir='ltr'>daemoniis</span> 
     </span>
     <span class='ocr_line' id='line_1_12' title="bbox 100 1493 1212 1572; baseline 0.004 -17"><span class='ocrx_word' id='word_1_96' title='bbox 100 1494 318 1557; x_wconf 83' lang='lat' dir='ltr'>sacrificant</span> <span class='ocrx_word' id='word_1_97' title='bbox 347 1497 381 1556; x_wconf 88' lang='lat' dir='ltr'>et</span> <span class='ocrx_word' id='word_1_98' title='bbox 406 1511 476 1556; x_wconf 94' lang='lat' dir='ltr'>non</span> <span class='ocrx_word' id='word_1_99' title='bbox 506 1493 580 1572; x_wconf 87' lang='lat' dir='ltr'>deo,</span> <span class='ocrx_word' id='word_1_100' title='bbox 610 1497 645 1557; x_wconf 80' lang='lat' dir='ltr'>iit</span> <span class='ocrx_word' id='word_1_101' title='bbox 666 1494 712 1556; x_wconf 91' lang='lat' dir='ltr'>his</span> <span class='ocrx_word' id='word_1_102' title='bbox 736 1494 851 1557; x_wconf 84' lang='lat' dir='ltr'>scilieet</span> <span class='ocrx_word' id='word_1_103' title='bbox 872 1495 904 1557; x_wconf 93' lang='lat' dir='ltr'>in</span> <span class='ocrx_word' id='word_1_104' title='bbox 927 1494 1049 1557; x_wconf 89' lang='lat' dir='ltr'>homide</span> <span class='ocrx_word' id='word_1_105' title='bbox 1071 1497 1212 1559; x_wconf 84' lang='lat' dir='ltr'>correctis</span> 
     </span>
     <span class='ocr_line' id='line_1_13' title="bbox 98 1595 1212 1677; baseline 0 -17"><span class='ocrx_word' id='word_1_106' title='bbox 98 1601 171 1677; x_wconf 89' lang='lat' dir='ltr'>post</span> <span class='ocrx_word' id='word_1_107' title='bbox 184 1596 250 1677; x_wconf 89' lang='lat' dir='ltr'>ipse</span> <span class='ocrx_word' id='word_1_108' title='bbox 265 1595 416 1659; x_wconf 90' lang='lat' dir='ltr'>bonorum</span> <span class='ocrx_word' id='word_1_109' title='bbox 431 1600 540 1671; x_wconf 87' lang='lat' dir='ltr'>natura</span> <span class='ocrx_word' id='word_1_110' title='bbox 555 1596 705 1660; x_wconf 85' lang='lat' dir='ltr'>facturam</span> <span class='ocrx_word' id='word_1_111' title='bbox 721 1595 947 1677; x_wconf 85' lang='lat' dir='ltr'>uelutpe1·fecti</span> <span class='ocrx_word' id='word_1_112' title='bbox 963 1597 1095 1661; x_wconf 87' lang='lat' dir='ltr'>hominis</span> <span class='ocrx_word' id='word_1_113' title='bbox 1111 1599 1212 1661; x_wconf 92' lang='lat' dir='ltr'>locum</span> 
     </span>
     <span class='ocr_line' id='line_1_14' title="bbox 100 1692 1211 1782; baseline 0.002 -22"><span class='ocrx_word' id='word_1_114' title='bbox 100 1701 222 1761; x_wconf 92' lang='lat' dir='ltr'>uterum</span> <span class='ocrx_word' id='word_1_115' title='bbox 238 1692 396 1781; x_wconf 87' lang='lat' dir='ltr'>uirginalis</span> <span class='ocrx_word' id='word_1_116' title='bbox 420 1700 519 1762; x_wconf 90' lang='lat' dir='ltr'>carnis</span> <span class='ocrx_word' id='word_1_117' title='bbox 535 1699 698 1782; x_wconf 87' lang='lat' dir='ltr'>ingressus</span> <span class='ocrx_word' id='word_1_118' title='bbox 714 1697 863 1762; x_wconf 85' lang='lat' dir='ltr'>idolorum</span> <span class='ocrx_word' id='word_1_119' title='bbox 878 1700 985 1762; x_wconf 85' lang='lat' dir='ltr'>formis</span> <span class='ocrx_word' id='word_1_120' title='bbox 1006 1719 1038 1763; x_wconf 89' lang='lat' dir='ltr'>m</span> <span class='ocrx_word' id='word_1_121' title='bbox 1053 1699 1211 1780; x_wconf 80' lang='lat' dir='ltr'>pecoribus</span> 
     </span>
     <span class='ocr_line' id='line_1_15' title="bbox 99 1801 1211 1884; baseline 0.001 -19"><span class='ocrx_word' id='word_1_122' title='bbox 99 1803 205 1865; x_wconf 90' lang='lat' dir='ltr'>occisis</span> <span class='ocrx_word' id='word_1_123' title='bbox 227 1820 318 1865; x_wconf 89' lang='lat' dir='ltr'>suum</span> <span class='ocrx_word' id='word_1_124' title='bbox 340 1802 522 1884; x_wconf 85' lang='lat' dir='ltr'>sanguinem</span> <span class='ocrx_word' id='word_1_125' title='bbox 543 1802 576 1865; x_wconf 91' lang='lat' dir='ltr'>iu</span> <span class='ocrx_word' id='word_1_126' title='bbox 595 1802 834 1882; x_wconf 90' lang='lat' dir='ltr'>redemptionem</span> <span class='ocrx_word' id='word_1_127' title='bbox 857 1801 1010 1865; x_wconf 89' lang='lat' dir='ltr'>humanae</span> <span class='ocrx_word' id='word_1_128' title='bbox 1033 1803 1211 1884; x_wconf 80' lang='lat' dir='ltr'>expiationis</span> 
     </span>
     <span class='ocr_line' id='line_1_16' title="bbox 61 1902 1211 1985; baseline 0.003 -20"><span class='ocrx_word' id='word_1_129' title='bbox 61 1927 86 1965; x_wconf 69' lang='grc' dir='ltr'>ιε.</span> <span class='ocrx_word' id='word_1_130' title='bbox 99 1903 223 1967; x_wconf 84' lang='lat' dir='ltr'>offerret</span> <span class='ocrx_word' id='word_1_131' title='bbox 251 1906 282 1967; x_wconf 86' lang='lat' dir='ltr'>et</span> <span class='ocrx_word' id='word_1_132' title='bbox 303 1904 500 1985; x_wconf 91' lang='lat' dir='ltr'>conceptione</span> <span class='ocrx_word' id='word_1_133' title='bbox 529 1907 617 1985; x_wconf 89' lang='lat' dir='ltr'>partu</span> <span class='ocrx_word' id='word_1_134' title='bbox 647 1902 802 1985; x_wconf 87' lang='lat' dir='ltr'>uagitibus</span> <span class='ocrx_word' id='word_1_135' title='bbox 832 1904 918 1967; x_wconf 89' lang='lat' dir='ltr'>cuuis</span> <span class='ocrx_word' id='word_1_136' title='bbox 949 1921 1056 1967; x_wconf 90' lang='lat' dir='ltr'>omnes</span> <span class='ocrx_word' id='word_1_137' title='bbox 1085 1908 1211 1969; x_wconf 85' lang='lat' dir='ltr'>naturae</span> 
     </span>
     <span class='ocr_line' id='line_1_17' title="bbox 100 2005 1215 2097; baseline -0.001 -26"><span class='ocrx_word' id='word_1_138' title='bbox 100 2010 222 2071; x_wconf 87' lang='lat' dir='ltr'>nostrae</span> <span class='ocrx_word' id='word_1_139' title='bbox 237 2009 449 2069; x_wconf 85' lang='lat' dir='ltr'>transcurrens</span> <span class='ocrx_word' id='word_1_140' title='bbox 465 2005 664 2069; x_wconf 91' lang='lat' dir='ltr'>contumelias</span> <span class='ocrx_word' id='word_1_141' title='bbox 680 2006 811 2070; x_wconf 92' lang='lat' dir='ltr'>mundo</span> <span class='ocrx_word' id='word_1_142' title='bbox 827 2006 863 2070; x_wconf 91' lang='lat' dir='ltr'>in</span> <span class='ocrx_word' id='word_1_143' title='bbox 878 2008 1033 2091; x_wconf 59' lang='lat' dir='ltr'>cromam</span> <span class='ocrx_word' id='word_1_144' title='bbox 1055 2006 1128 2070; x_wconf 85' lang='lat' dir='ltr'>fixo</span> <span class='ocrx_word' id='word_1_145' title='bbox 1151 2009 1215 2097; x_wconf 5' lang='lat' dir='ltr'>sal-g</span> 
     </span>
     <span class='ocr_line' id='line_1_18' title="bbox 99 2107 1210 2190; baseline 0 -18"><span class='ocrx_word' id='word_1_146' title='bbox 99 2113 170 2172; x_wconf 90' lang='lat' dir='ltr'>nato</span> <span class='ocrx_word' id='word_1_147' title='bbox 191 2109 223 2171; x_wconf 89' lang='lat' dir='ltr'>in</span> <span class='ocrx_word' id='word_1_148' title='bbox 246 2126 279 2171; x_wconf 86' lang='lat' dir='ltr'>se</span> <span class='ocrx_word' id='word_1_149' title='bbox 302 2112 332 2171; x_wconf 89' lang='lat' dir='ltr'>et</span> <span class='ocrx_word' id='word_1_150' title='bbox 346 2125 400 2190; x_wconf 92' lang='lat' dir='ltr'>per</span> <span class='ocrx_word' id='word_1_151' title='bbox 422 2127 455 2170; x_wconf 88' lang='lat' dir='ltr'>se</span> <span class='ocrx_word' id='word_1_152' title='bbox 478 2107 537 2171; x_wconf 90' lang='lat' dir='ltr'>sibi</span> <span class='ocrx_word' id='word_1_153' title='bbox 551 2108 675 2171; x_wconf 91' lang='lat' dir='ltr'>homine</span> <span class='ocrx_word' id='word_1_154' title='bbox 697 2108 853 2190; x_wconf 82' lang='lat' dir='ltr'>gauderet.</span> <span class='ocrx_word' id='word_1_155' title='bbox 876 2108 957 2171; x_wconf 89' lang='lat' dir='ltr'>Nam</span> <span class='ocrx_word' id='word_1_156' title='bbox 972 2108 1052 2189; x_wconf 86' lang='lat' dir='ltr'>quod</span> <span class='ocrx_word' id='word_1_157' title='bbox 1074 2111 1210 2189; x_wconf 91' lang='lat' dir='ltr'>primus</span> 
     </span>
     <span class='ocr_line' id='line_1_19' title="bbox 99 2210 1210 2292; baseline 0.002 -20"><span class='ocrx_word' id='word_1_158' title='bbox 99 2210 236 2274; x_wconf 81' lang='lat' dir='ltr'>mansis</span> <span class='ocrx_word' id='word_1_159' title='bbox 265 2211 379 2292; x_wconf 90' lang='lat' dir='ltr'>petitur</span> <span class='ocrx_word' id='word_1_160' title='bbox 400 2211 432 2274; x_wconf 92' lang='lat' dir='ltr'>in</span> <span class='ocrx_word' id='word_1_161' title='bbox 460 2211 583 2291; x_wconf 88' lang='lat' dir='ltr'>pascha,</span> <span class='ocrx_word' id='word_1_162' title='bbox 613 2227 673 2273; x_wconf 92' lang='lat' dir='ltr'>non</span> <span class='ocrx_word' id='word_1_163' title='bbox 696 2213 732 2274; x_wconf 90' lang='lat' dir='ltr'>ut</span> <span class='ocrx_word' id='word_1_164' title='bbox 757 2210 941 2274; x_wconf 88' lang='lat' dir='ltr'>adtendatur</span> <span class='ocrx_word' id='word_1_165' title='bbox 967 2211 1092 2290; x_wconf 84' lang='lat' dir='ltr'>mensis,</span> <span class='ocrx_word' id='word_1_166' title='bbox 1123 2212 1210 2275; x_wconf 90' lang='lat' dir='ltr'>cuius</span> 
     </span>
     <span class='ocr_line' id='line_1_20' title="bbox 99 2312 1210 2395; baseline 0.001 -19"><span class='ocrx_word' id='word_1_167' title='bbox 99 2331 261 2376; x_wconf 87' lang='lat' dir='ltr'>numerum</span> <span class='ocrx_word' id='word_1_168' title='bbox 282 2315 402 2376; x_wconf 89' lang='lat' dir='ltr'>constat</span> <span class='ocrx_word' id='word_1_169' title='bbox 420 2331 490 2375; x_wconf 91' lang='lat' dir='ltr'>curn</span> <span class='ocrx_word' id='word_1_170' title='bbox 514 2313 636 2376; x_wconf 87' lang='lat' dir='ltr'>saeculo</span> <span class='ocrx_word' id='word_1_171' title='bbox 658 2312 843 2376; x_wconf 85' lang='lat' dir='ltr'>numerabili</span> <span class='ocrx_word' id='word_1_172' title='bbox 864 2331 932 2376; x_wconf 86' lang='lat' dir='ltr'>esse</span> <span class='ocrx_word' id='word_1_173' title='bbox 954 2314 1133 2395; x_wconf 91' lang='lat' dir='ltr'>periturum,</span> <span class='ocrx_word' id='word_1_174' title='bbox 1157 2314 1210 2377; x_wconf 87' lang='lat' dir='ltr'>sed</span> 
     </span>
     <span class='ocr_line' id='line_1_21' title="bbox 59 2415 1209 2496; baseline 0.001 -18"><span class='ocrx_word' id='word_1_175' title='bbox 59 2438 85 2478; x_wconf 75' lang='lat' dir='ltr'>ao</span> <span class='ocrx_word' id='word_1_176' title='bbox 99 2416 171 2494; x_wconf 91' lang='lat' dir='ltr'>quia</span> <span class='ocrx_word' id='word_1_177' title='bbox 199 2415 336 2478; x_wconf 91' lang='lat' dir='ltr'>omnium</span> <span class='ocrx_word' id='word_1_178' title='bbox 358 2419 477 2477; x_wconf 87' lang='lat' dir='ltr'>creator</span> <span class='ocrx_word' id='word_1_179' title='bbox 498 2415 531 2478; x_wconf 93' lang='lat' dir='ltr'>in</span> <span class='ocrx_word' id='word_1_180' title='bbox 557 2416 628 2478; x_wconf 90' lang='lat' dir='ltr'>totis</span> <span class='ocrx_word' id='word_1_181' title='bbox 659 2418 716 2493; x_wconf 86' lang='lat' dir='ltr'>est,</span> <span class='ocrx_word' id='word_1_182' title='bbox 748 2419 930 2496; x_wconf 83' lang='lat' dir='ltr'>agnoscatur</span> <span class='ocrx_word' id='word_1_183' title='bbox 951 2416 1032 2496; x_wconf 92' lang='lat' dir='ltr'>quod</span> <span class='ocrx_word' id='word_1_184' title='bbox 1061 2415 1209 2479; x_wconf 85' lang='lat' dir='ltr'>scribtum</span> 
     </span>
     <span class='ocr_line' id='line_1_22' title="bbox 98 2516 1214 2599; baseline 0.002 -19"><span class='ocrx_word' id='word_1_185' title='bbox 98 2521 159 2580; x_wconf 90' lang='lat' dir='ltr'>est:</span> <span class='ocrx_word' id='word_1_186' title='bbox 188 2517 376 2599; x_wconf 86' lang='lat' dir='ltr'>primitiae</span> <span class='ocrx_word' id='word_1_187' title='bbox 405 2518 564 2579; x_wconf 92' lang='lat' dir='ltr'>omnium</span> <span class='ocrx_word' id='word_1_188' title='bbox 587 2516 769 2596; x_wconf 76' lang='lat' dir='ltr'>Christus,</span> <span class='ocrx_word' id='word_1_189' title='bbox 800 2521 831 2580; x_wconf 86' lang='lat' dir='ltr'>et</span> <span class='ocrx_word' id='word_1_190' title='bbox 860 2517 898 2580; x_wconf 93' lang='lat' dir='ltr'>de</span> <span class='ocrx_word' id='word_1_191' title='bbox 927 2518 1065 2599; x_wconf 90' lang='lat' dir='ltr'>propiato</span> <span class='ocrx_word' id='word_1_192' title='bbox 1093 2518 1214 2595; x_wconf 90' lang='lat' dir='ltr'>inimici</span> 
     </span>
     <span class='ocr_line' id='line_1_23' title="bbox 98 2619 1208 2702; baseline 0.002 -20"><span class='ocrx_word' id='word_1_193' title='bbox 98 2620 240 2698; x_wconf 87' lang='lat' dir='ltr'>transitu,</span> <span class='ocrx_word' id='word_1_194' title='bbox 262 2619 316 2682; x_wconf 92' lang='lat' dir='ltr'>ubi</span> <span class='ocrx_word' id='word_1_195' title='bbox 334 2620 453 2700; x_wconf 88' lang='lat' dir='ltr'>primus</span> <span class='ocrx_word' id='word_1_196' title='bbox 476 2620 591 2682; x_wconf 88' lang='lat' dir='ltr'>mensis</span> <span class='ocrx_word' id='word_1_197' title='bbox 614 2620 652 2683; x_wconf 88' lang='lat' dir='ltr'>ad</span> <span class='ocrx_word' id='word_1_198' title='bbox 674 2619 885 2683; x_wconf 87' lang='lat' dir='ltr'>inmolandum</span> <span class='ocrx_word' id='word_1_199' title='bbox 907 2621 1030 2702; x_wconf 90' lang='lat' dir='ltr'>petitur,</span> <span class='ocrx_word' id='word_1_200' title='bbox 1052 2619 1105 2700; x_wconf 89' lang='lat' dir='ltr'>ibi,</span> <span class='ocrx_word' id='word_1_201' title='bbox 1127 2622 1208 2702; x_wconf 86' lang='lat' dir='ltr'>qnia,</span> 
     </span>
     <span class='ocr_line' id='line_1_24' title="bbox 98 2721 1208 2803; baseline 0.003 -19"><span class='ocrx_word' id='word_1_202' title='bbox 98 2722 178 2784; x_wconf 89' lang='lat' dir='ltr'>siout</span> <span class='ocrx_word' id='word_1_203' title='bbox 193 2721 340 2784; x_wconf 88' lang='lat' dir='ltr'>scribtum</span> <span class='ocrx_word' id='word_1_204' title='bbox 359 2725 416 2801; x_wconf 84' lang='lat' dir='ltr'>est,</span> <span class='ocrx_word' id='word_1_205' title='bbox 440 2739 610 2785; x_wconf 90' lang='lat' dir='ltr'>numerus</span> <span class='ocrx_word' id='word_1_206' title='bbox 625 2721 783 2786; x_wconf 89' lang='lat' dir='ltr'>hominis</span> <span class='ocrx_word' id='word_1_207' title='bbox 799 2740 972 2785; x_wconf 88' lang='lat' dir='ltr'>numerus</span> <span class='ocrx_word' id='word_1_208' title='bbox 987 2725 1043 2785; x_wconf 83' lang='lat' dir='ltr'>est</span> <span class='ocrx_word' id='word_1_209' title='bbox 1057 2721 1208 2803; x_wconf 87' lang='lat' dir='ltr'>bestiae,</span> 
     </span>
     <span class='ocr_line' id='line_1_25' title="bbox 98 2821 1291 2908; baseline -0.003 -22"><span class='ocrx_word' id='word_1_210' title='bbox 98 2842 173 2906; x_wconf 91' lang='lat' dir='ltr'>opus</span> <span class='ocrx_word' id='word_1_211' title='bbox 196 2824 302 2887; x_wconf 91' lang='lat' dir='ltr'>mundi</span> <span class='ocrx_word' id='word_1_212' title='bbox 325 2828 355 2887; x_wconf 90' lang='lat' dir='ltr'>et</span> <span class='ocrx_word' id='word_1_213' title='bbox 369 2821 523 2908; x_wconf 67' lang='lat' dir='ltr'>naltiuitas</span> <span class='ocrx_word' id='word_1_214' title='bbox 545 2824 577 2887; x_wconf 93' lang='lat' dir='ltr'>in</span> <span class='ocrx_word' id='word_1_215' title='bbox 600 2823 687 2887; x_wconf 92' lang='lat' dir='ltr'>uobis</span> <span class='ocrx_word' id='word_1_216' title='bbox 702 2825 802 2906; x_wconf 87' lang='lat' dir='ltr'>prima</span> <span class='ocrx_word' id='word_1_217' title='bbox 823 2825 963 2887; x_wconf 81' lang='lat' dir='ltr'>uincetur</span> <span class='ocrx_word' id='word_1_218' title='bbox 984 2828 1015 2886; x_wconf 90' lang='lat' dir='ltr'>et</span> <span class='ocrx_word' id='word_1_219' title='bbox 1036 2825 1092 2887; x_wconf 88' lang='lat' dir='ltr'>deo</span> <span class='ocrx_word' id='word_1_220' title='bbox 1107 2826 1207 2906; x_wconf 93' lang='lat' dir='ltr'>potius</span> <span class='ocrx_word' id='word_1_221' title='bbox 1233 2831 1291 2884; x_wconf 81' lang='lat'>105</span> 
     </span>
     <span class='ocr_line' id='line_1_26' title="bbox 59 2925 1208 3010; baseline 0.002 -21"><span class='ocrx_word' id='word_1_222' title='bbox 59 2949 85 2988; x_wconf 81' lang='lat' dir='ltr'>as</span> <span class='ocrx_word' id='word_1_223' title='bbox 98 2927 276 3008; x_wconf 76' lang='lat' dir='ltr'>incipientes</span> <span class='ocrx_word' id='word_1_224' title='bbox 303 2944 396 3007; x_wconf 88' lang='lat' dir='ltr'>quam</span> <span class='ocrx_word' id='word_1_225' title='bbox 427 2927 547 2990; x_wconf 91' lang='lat' dir='ltr'>saeculo</span> <span class='ocrx_word' id='word_1_226' title='bbox 571 2925 681 2989; x_wconf 91' lang='lat' dir='ltr'>debere</span> <span class='ocrx_word' id='word_1_227' title='bbox 709 2927 789 3007; x_wconf 87' lang='lat' dir='ltr'>quod</span> <span class='ocrx_word' id='word_1_228' title='bbox 816 2927 970 2990; x_wconf 88' lang='lat' dir='ltr'>nascimur</span> <span class='ocrx_word' id='word_1_229' title='bbox 992 2927 1208 3010; x_wconf 81' lang='lat' dir='ltr'>intellegamus</span> 
     </span>
    </p>
   </div>
   <div class='ocr_carea' id='block_1_3' title="bbox 97 3081 1207 3241">
    <p class='ocr_par' dir='ltr' id='par_1_3' title="bbox 97 3081 1207 3241">
     <span class='ocr_line' id='line_1_27' title="bbox 198 3081 1207 3165; baseline 0.002 -23"><span class='ocrx_word' id='word_1_230' title='bbox 198 3086 264 3142; x_wconf 70' lang='lat' dir='ltr'>dcl.</span> <span class='ocrx_word' id='word_1_231' title='bbox 277 3086 409 3148; x_wconf 74' lang='lat' dir='ltr'>arouao,</span> <span class='ocrx_word' id='word_1_232' title='bbox 422 3089 446 3141; x_wconf 80' lang='grc'>1.</span> <span class='ocrx_word' id='word_1_233' title='bbox 498 3086 552 3142; x_wconf 86' lang='lat'>91.</span> <span class='ocrx_word' id='word_1_234' title='bbox 566 3084 624 3140; x_wconf 80' lang='lat' dir='ltr'>Cor.</span> <span class='ocrx_word' id='word_1_235' title='bbox 638 3089 677 3149; x_wconf 87' lang='lat'>10,</span> <span class='ocrx_word' id='word_1_236' title='bbox 692 3089 730 3142; x_wconf 90' lang='grc'>19.</span> <span class='ocrx_word' id='word_1_237' title='bbox 741 3089 782 3141; x_wconf 84' lang='grc'>20.</span> <span class='ocrx_word' id='word_1_238' title='bbox 835 3089 868 3142; x_wconf 87' lang='grc'>16</span> <span class='ocrx_word' id='word_1_239' title='bbox 885 3085 1070 3151; x_wconf 62' lang='lat' dir='ltr'>crudam.</span> <span class='ocrx_word' id='word_1_240' title='bbox 1120 3081 1154 3143; x_wconf 70' lang='lat'>&#39;17</span> <span class='ocrx_word' id='word_1_241' title='bbox 1173 3085 1207 3165; x_wconf 77' lang='lat' dir='ltr'>ci.</span> 
     </span>
     <span class='ocr_line' id='line_1_28' title="bbox 97 3169 1062 3241; baseline 0.003 -15"><span class='ocrx_word' id='word_1_242' title='bbox 97 3171 267 3234; x_wconf 80' lang='lat' dir='ltr'>Exod.12‚2.</span> <span class='ocrx_word' id='word_1_243' title='bbox 319 3174 350 3226; x_wconf 83' lang='grc'>21</span> <span class='ocrx_word' id='word_1_244' title='bbox 369 3171 391 3225; x_wconf 92' lang='lat'>1.</span> <span class='ocrx_word' id='word_1_245' title='bbox 404 3169 461 3226; x_wconf 85' lang='lat' dir='ltr'>Cor.</span> <span class='ocrx_word' id='word_1_246' title='bbox 476 3174 516 3234; x_wconf 83' lang='lat'>15,</span> <span class='ocrx_word' id='word_1_247' title='bbox 528 3173 569 3226; x_wconf 82' lang='lat'>23.</span> <span class='ocrx_word' id='word_1_248' title='bbox 621 3173 655 3227; x_wconf 81' lang='lat'>23</span> <span class='ocrx_word' id='word_1_249' title='bbox 672 3173 805 3241; x_wconf 72' lang='lat' dir='ltr'>sponna,</span> <span class='ocrx_word' id='word_1_250' title='bbox 820 3174 859 3229; x_wconf 90' lang='lat'>18.</span> <span class='ocrx_word' id='word_1_251' title='bbox 1060 3183 1062 3188; x_wconf 87' lang='lat'>&#39;</span> 
     </span>
    </p>
   </div>
   <div class='ocr_carea' id='block_1_4' title="bbox 140 3316 1206 3554">
    <p class='ocr_par' dir='ltr' id='par_1_4' title="bbox 140 3316 1206 3554">
     <span class='ocr_line' id='line_1_29' title="bbox 200 3316 934 3386; baseline 0.001 -14"><span class='ocrx_word' id='word_1_252' title='bbox 200 3320 231 3372; x_wconf 84' lang='lat'>15</span> <span class='ocrx_word' id='word_1_253' title='bbox 249 3317 384 3383; x_wconf 69' lang='lat' dir='ltr'>Hilurica,</span> <span class='ocrx_word' id='word_1_254' title='bbox 402 3317 434 3370; x_wconf 79' lang='lat' dir='ltr'>da</span> <span class='ocrx_word' id='word_1_255' title='bbox 451 3318 513 3371; x_wconf 71' lang='lat' dir='ltr'>trin.</span> <span class='ocrx_word' id='word_1_256' title='bbox 526 3317 568 3383; x_wconf 87' lang='lat'>11,</span> <span class='ocrx_word' id='word_1_257' title='bbox 578 3320 626 3382; x_wconf 75' lang='lat'>245</span> <span class='ocrx_word' id='word_1_258' title='bbox 643 3316 697 3370; x_wconf 86' lang='lat' dir='ltr'>uid.</span> <span class='ocrx_word' id='word_1_259' title='bbox 710 3333 788 3385; x_wconf 88' lang='lat' dir='ltr'>supra</span> <span class='ocrx_word' id='word_1_260' title='bbox 805 3317 838 3371; x_wconf 88' lang='lat' dir='ltr'>ad</span> <span class='ocrx_word' id='word_1_261' title='bbox 856 3333 880 3386; x_wconf 90' lang='lat' dir='ltr'>p.</span> <span class='ocrx_word' id='word_1_262' title='bbox 893 3319 934 3373; x_wconf 82' lang='lat'>60.</span> 
     </span>
     <span class='ocr_line' id='line_1_30' title="bbox 140 3459 1206 3554; baseline 0.006 -26"><span class='ocrx_word' id='word_1_263' title='bbox 140 3475 155 3528; x_wconf 95' lang='lat'>1</span> <span class='ocrx_word' id='word_1_264' title='bbox 174 3465 319 3548; x_wconf 70' lang='lat' dir='ltr'>leminea,</span> <span class='ocrx_word' id='word_1_265' title='bbox 336 3481 391 3531; x_wconf 79' lang='lat' dir='ltr'>sex</span> <span class='ocrx_word' id='word_1_266' title='bbox 407 3481 414 3528; x_wconf 82' lang='lat' dir='ltr'>i</span> <span class='ocrx_word' id='word_1_267' title='bbox 430 3469 491 3523; x_wconf 76' lang='lat' dir='ltr'>racc.</span> <span class='ocrx_word' id='word_1_268' title='bbox 547 3473 836 3554; x_wconf 77' lang='lat' dir='ltr'>aparrocipaaum</span> <span class='ocrx_word' id='word_1_269' title='bbox 848 3488 897 3542; x_wconf 84' lang='lat' dir='ltr'>pro</span> <span class='ocrx_word' id='word_1_270' title='bbox 910 3459 1206 3554; x_wconf 69' lang='lat' dir='ltr'>paimcrparuurm</span> 
     </span>
    </p>
   </div>
   <div class='ocr_carea' id='block_1_5' title="bbox 97 3577 1207 3813">
    <p class='ocr_par' dir='ltr' id='par_1_5' title="bbox 97 3577 1207 3813">
     <span class='ocr_line' id='line_1_31' title="bbox 97 3577 1206 3708; baseline 0.008 -29"><span class='ocrx_word' id='word_1_271' title='bbox 97 3625 130 3679; x_wconf 77' lang='lat' dir='ltr'>ar.</span> <span class='ocrx_word' id='word_1_272' title='bbox 146 3627 215 3688; x_wconf 80' lang='lat' dir='ltr'>aaa</span> <span class='ocrx_word' id='word_1_273' title='bbox 301 3577 670 3704; x_wconf 61' lang='lat' dir='ltr'>scasupcario&#39;robrs</span> <span class='ocrx_word' id='word_1_274' title='bbox 694 3635 713 3683; x_wconf 90' lang='lat' dir='ltr'>o</span> <span class='ocrx_word' id='word_1_275' title='bbox 736 3640 785 3677; x_wconf 81' lang='lat' dir='ltr'>ras.</span> <span class='ocrx_word' id='word_1_276' title='bbox 804 3608 853 3678; x_wconf 77' lang='lat' dir='ltr'>rei.</span> <span class='ocrx_word' id='word_1_277' title='bbox 951 3607 1206 3708; x_wconf 61' lang='lat' dir='ltr'>oenomaum,</span> 
     </span>
     <span class='ocr_line' id='line_1_32' title="bbox 97 3708 1207 3813; baseline 0.002 -31"><span class='ocrx_word' id='word_1_278' title='bbox 97 3729 188 3782; x_wconf 82' lang='lat' dir='ltr'>eadem</span> <span class='ocrx_word' id='word_1_279' title='bbox 209 3727 291 3781; x_wconf 84' lang='lat' dir='ltr'>forma</span> <span class='ocrx_word' id='word_1_280' title='bbox 314 3730 436 3781; x_wconf 60' lang='lat' dir='ltr'>occurret,</span> <span class='ocrx_word' id='word_1_281' title='bbox 448 3741 474 3794; x_wconf 83' lang='lat' dir='ltr'>p.</span> <span class='ocrx_word' id='word_1_282' title='bbox 492 3729 548 3791; x_wconf 84' lang='lat'>105,</span> <span class='ocrx_word' id='word_1_283' title='bbox 566 3730 582 3783; x_wconf 90' lang='lat'>1</span> <span class='ocrx_word' id='word_1_284' title='bbox 644 3729 661 3782; x_wconf 83' lang='lat'>9</span> <span class='ocrx_word' id='word_1_285' title='bbox 679 3708 820 3813; x_wconf 45' lang='lat' dir='ltr'>bu&#39;ttuffi</span> <span class='ocrx_word' id='word_1_286' title='bbox 838 3727 940 3780; x_wconf 86' lang='lat' dir='ltr'>litterae</span> <span class='ocrx_word' id='word_1_287' title='bbox 960 3736 1016 3786; x_wconf 74' lang='lat' dir='ltr'>itJS</span> <span class='ocrx_word' id='word_1_288' title='bbox 1037 3729 1065 3782; x_wconf 90' lang='lat' dir='ltr'>iu</span> <span class='ocrx_word' id='word_1_289' title='bbox 1082 3730 1207 3798; x_wconf 83' lang='lat' dir='ltr'>margine,</span> 
     </span>
    </p>
   </div>
   <div class='ocr_carea' id='block_1_6' title="bbox 99 3813 1208 3918">
    <p class='ocr_par' dir='ltr' id='par_1_6' title="bbox 99 3813 1208 3918">
     <span class='ocr_line' id='line_1_33' title="bbox 99 3813 1208 3918; baseline 0.004 -29"><span class='ocrx_word' id='word_1_290' title='bbox 99 3842 132 3891; x_wconf 80' lang='lat' dir='ltr'>io</span> <span class='ocrx_word' id='word_1_291' title='bbox 152 3826 245 3886; x_wconf 76' lang='lat' dir='ltr'>iuras.</span> <span class='ocrx_word' id='word_1_292' title='bbox 315 3832 484 3909; x_wconf 78' lang='lat' dir='ltr'>loquiae,</span> <span class='ocrx_word' id='word_1_293' title='bbox 506 3841 513 3886; x_wconf 84' lang='grc' dir='ltr'><strong>ι</strong></span> <span class='ocrx_word' id='word_1_294' title='bbox 533 3845 597 3882; x_wconf 78' lang='lat' dir='ltr'>cras.</span> <span class='ocrx_word' id='word_1_295' title='bbox 672 3813 931 3918; x_wconf 56' lang='lat' dir='ltr'>supposuerim,</span> <span class='ocrx_word' id='word_1_296' title='bbox 994 3833 1026 3885; x_wconf 85' lang='lat' dir='ltr'>lo</span> <span class='ocrx_word' id='word_1_297' title='bbox 1046 3840 1208 3894; x_wconf 67' lang='lat' dir='ltr'>mosanas</span> 
     </span>
    </p>
   </div>
   <div class='ocr_carea' id='block_1_7' title="bbox 98 3942 1207 4078">
    <p class='ocr_par' dir='ltr' id='par_1_7' title="bbox 98 3942 1207 4078">
     <span class='ocr_line' id='line_1_34' title="bbox 98 3942 1207 4078; baseline -0.008 -15"><span class='ocrx_word' id='word_1_298' title='bbox 98 3986 148 4078; x_wconf 74' lang='lat' dir='ltr'>ed,</span> <span class='ocrx_word' id='word_1_299' title='bbox 172 4011 208 4062; x_wconf 84' lang='grc' dir='ltr'>ετ</span> <span class='ocrx_word' id='word_1_300' title='bbox 219 4001 275 4055; x_wconf 73' lang='grc'><strong>111.</strong></span> <span class='ocrx_word' id='word_1_301' title='bbox 293 3999 343 4054; x_wconf 81' lang='lat' dir='ltr'>uei.</span> <span class='ocrx_word' id='word_1_302' title='bbox 422 3942 544 4059; x_wconf 45' lang='lat' dir='ltr'>satiro</span> <span class='ocrx_word' id='word_1_303' title='bbox 656 4001 690 4055; x_wconf 83' lang='lat' dir='ltr'>ao</span> <span class='ocrx_word' id='word_1_304' title='bbox 707 3984 961 4078; x_wconf 72' lang='lat' dir='ltr'>aereos&#39;catua,</span> <span class='ocrx_word' id='word_1_305' title='bbox 984 4011 1002 4058; x_wconf 89' lang='lat' dir='ltr'>o</span> <span class='ocrx_word' id='word_1_306' title='bbox 1020 4000 1057 4067; x_wconf 86' lang='lat' dir='ltr'>(in</span> <span class='ocrx_word' id='word_1_307' title='bbox 1074 4004 1162 4066; x_wconf 69' lang='lat' dir='ltr'>mos)</span> <span class='ocrx_word' id='word_1_308' title='bbox 1178 4017 1207 4055; x_wconf 75' lang='lat' dir='ltr'>ex</span> 
     </span>
    </p>
   </div>
   <div class='ocr_carea' id='block_1_8' title="bbox 98 4113 1328 4352">
    <p class='ocr_par' dir='ltr' id='par_1_8' title="bbox 98 4113 1328 4352">
     <span class='ocr_line' id='line_1_35' title="bbox 98 4113 1328 4352; baseline -0.007 -142"><span class='ocrx_word' id='word_1_309' title='bbox 98 4167 119 4215; x_wconf 87' lang='grc' dir='ltr'>υ</span> <span class='ocrx_word' id='word_1_310' title='bbox 138 4171 204 4210; x_wconf 86' lang='lat' dir='ltr'>corr.</span> <span class='ocrx_word' id='word_1_311' title='bbox 282 4157 316 4219; x_wconf 79' lang='lat'>25</span> <span class='ocrx_word' id='word_1_312' title='bbox 336 4113 551 4227; x_wconf 61' lang='grc' dir='ltr'>ΝΛδΙΕΙωυξ,</span> <span class='ocrx_word' id='word_1_313' title='bbox 572 4152 646 4220; x_wconf 73' lang='lat' dir='ltr'>Stin</span> <span class='ocrx_word' id='word_1_314' title='bbox 660 4157 758 4220; x_wconf 71' lang='lat' dir='ltr'>¹(uitis)</span> <span class='ocrx_word' id='word_1_315' title='bbox 774 4152 818 4204; x_wconf 92' lang='lat' dir='ltr'>lin.</span> <span class='ocrx_word' id='word_1_316' title='bbox 838 4151 886 4206; x_wconf 88' lang='lat' dir='ltr'>del.</span> <span class='ocrx_word' id='word_1_317' title='bbox 1247 4154 1328 4352; x_wconf 65' lang='grc' dir='ltr'><strong><em>Ι</em></strong></span> 
     </span>
    </p>
   </div>
   <div class='ocr_carea' id='block_1_9' title="bbox 0 0 1410 4634">
    <p class='ocr_par' dir='ltr' id='par_1_9' title="bbox 0 0 1410 4634">
     <span class='ocr_line' id='line_1_36' title="bbox 0 0 1410 4634; baseline 0 2"><span class='ocrx_word' id='word_1_318' title='bbox 0 0 1410 4634; x_wconf 95' lang='lat' dir='ltr'> </span> 
     </span>
    </p>
   </div>
  </div>
 </body>
</html>
