2812 4634
548 277 711 336 tractatus
728 275 760 327 X.
1159 255 1206 319 97

96 435 128 496 et
138 431 303 514 repudiatis
314 430 455 494 omnibus
467 447 618 512 quorum
629 429 717 494 finis
732 447 827 494 mors
843 432 899 493 est
910 432 942 494 et
952 428 983 495 iu
995 428 1104 510 quibus
1116 429 1208 492 corri-

95 534 179 617 pitur
201 535 335 613 edoctus,
357 536 457 598 totum
480 552 513 596 se
536 532 651 596 delens
673 533 739 611 deo,
763 532 862 596 faetus
885 532 950 614 ipse
972 532 1052 612 quod
1070 532 1207 614 psalmus

97 640 145 700 est
164 637 197 704 in
219 635 436 699 exultationem
454 634 625 717 psalmidici
647 635 795 698 sermonis
810 635 939 698 intraret
961 634 1078 698 dicente
1093 634 1207 697 Dauid:

96 741 198 819 dene,
219 738 392 820 repulisti
412 753 476 806 nos
499 742 535 802 et
557 737 776 816 distraxisti,
798 737 916 808 iratus
932 753 969 800 es
985 740 1020 800 et
1035 737 1211 802 misertus

67 861 134 906 res
157 840 284 905 nostri.
326 840 364 904 In
387 857 446 921 qno
467 843 572 904 tamen
595 856 735 903 sermone
757 839 870 922 psalmi
889 839 975 907 ultra.
993 839 1140 906 naturalis
1161 839 1208 902 in-

95 942 290 1026 tellegentiae
312 961 438 1007 sensum
453 961 540 1006 mens
562 942 709 1006 addeum
730 957 878 1006 conuersa
891 941 1069 1024 prouehitur
1091 946 1122 1004 et
1141 941 1209 1004 uni·

95 1048 205 1126 cuique
218 1044 410 1126 intellegenti
432 1062 465 1109 se
480 1045 671 1127 incorruptae
693 1043 890 1108 beatitudinis
909 1063 963 1126 per
984 1045 1059 1107 haec
1073 1040 1207 1126 camlpus

95 1147 238 1230 aperitur.
267 1146 359 1210 Libet
380 1147 463 1210 enim
484 1147 542 1210 hoc
562 1146 628 1211 loco
646 1146 682 1211 in
704 1146 759 1210 tali
774 1164 914 1210 sermone
936 1146 1047 1228 psalmi
1060 1146 1207 1215 aduersus

95 1250 207 1314 diaboli
235 1249 408 1313 insidiantis
437 1249 566 1313 astutias
594 1249 691 1313 libera
719 1249 830 1313 salusti
861 1249 893 1312 in
923 1248 1044 1314 Christo
1077 1249 1207 1312 hominis

52 1376 81 1416 ro
94 1370 169 1416 uoce
185 1352 332 1417 clamare:
354 1352 417 1416 ubi
431 1347 496 1431 est,
518 1369 623 1431 mors,
647 1351 795 1416 aculeus
811 1354 920 1415 tuus?
942 1350 1003 1414 ubi
1017 1355 1083 1429 est,
1103 1369 1207 1430 mors,

93 1455 252 1531 uictoria
272 1457 355 1519 tua?
389 1472 459 1518 ecce
480 1453 578 1533 deus,
600 1455 683 1518 dum
705 1453 866 1537 corripit,
889 1453 1012 1536 diligit
1034 1459 1066 1517 et
1087 1453 1208 1516 erudit

93 1557 196 1641 potins
211 1557 328 1640 peccati
347 1557 499 1639 agnitione
521 1573 614 1637 quam
635 1557 751 1639 plectit,
774 1559 908 1639 etcum
929 1555 989 1620 alia
1010 1559 1064 1620 tua
1085 1574 1146 1619 non
1168 1557 1208 1618 sit

93 1663 213 1739 natura,
243 1659 302 1723 nisi
330 1663 385 1723 aut
412 1659 445 1723 in
470 1659 588 1742 peccati
616 1659 698 1723 mala
719 1675 826 1742 cogere
856 1661 910 1722 aut
930 1662 1001 1740 post
1028 1676 1207 1740 percussum

93 1766 218 1844 captum
241 1762 410 1834 nenenoin
432 1779 468 1826 ec
489 1780 567 1844 quae
581 1763 647 1844 ipse
669 1763 856 1844 persuaseris
871 1779 1065 1845 perurguere,
1088 1759 1207 1825 Christo

57 1864 222 1929 edocente
244 1865 456 1947 cognoscimus
483 1864 564 1946 quod
592 1864 738 1947 baptizati
762 1865 795 1929 in
817 1863 947 1945 (lhristo,
968 1861 978 1949 ΙΙ
999 1882 1071 1928 cum
1097 1863 1130 1926 in
1158 1863 1205 1927 his
1232 1876 1289 1931 133

95 1984 175 2048 qnae
198 1969 272 2030 sunt
299 1967 356 2029 deo
378 1967 478 2030 aliena
503 1966 689 2047 distruimur,
718 1967 750 2030 in
773 1985 808 2031 ea
830 1985 907 2048 quae
929 1970 1002 2037 sunt
1030 1967 1117 2029 nobis
1139 1983 1208 2048 pro-

94 2069 161 2151 pria
181 2068 423 2134 reformamur
445 2073 477 2133 et
490 2068 571 2150 quod
585 2087 698 2150 usque
713 2070 756 2132 ad
771 2069 885 2133 tinem
898 2068 1095 2151 peccantibus
1109 2085 1208 2150 poena

87 2175 144 2236 est
158 2174 191 2236 et
208 2170 363 2235 conuersis
385 2171 473 2234 nobis
495 2171 527 2235 in
545 2171 768 2254 redarguitione
791 2170 927 2236 doctrina
948 2176 1005 2251 est,
1027 2171 1093 2253 ipso
1108 2171 1208 2233 Dauid

96 2264 230 2338 dicente:
252 2274 333 2356 quis
355 2274 488 2338 similis
510 2275 588 2353 tibi,
611 2274 774 2338 domine?
798 2275 880 2356 quia
901 2274 1100 2337 ostendisti
1121 2274 1208 2336 mihi

61 2375 423 2440 utribnlationeset
449 2384 664 2440 conuersum
685 2377 882 2441 nidificans
904 2376 1061 2440 docuisti
1083 2393 1146 2454 me,
1176 2380 1208 2438 et

95 2479 208 2544 iterum
233 2479 339 2543 decies
369 2480 425 2544 eit:
456 2479 609 2558 domine,
638 2479 674 2543 in
702 2482 804 2553 utero
834 2471 1039 2561 accepimus
1069 2482 1104 2542 et
1129 2497 1207 2570 par-¹

97 2581 292 2645 turiuimus
311 2581 482 2664 spiritum
503 2581 636 2646 salutis
659 2600 762 2662 quem
784 2580 917 2645 dedisti
938 2585 1205 2663 superterram.

96 2682 134 2747 In
155 2699 216 2764 quo
237 2683 378 2764 quamuis
400 2700 455 2747 nos
475 2684 534 2765 ipsi
548 2683 713 2765 probemus
727 2684 760 2747 in
774 2683 871 2761 nobis,
891 2682 988 2764 qualis
1011 2701 1079 2747 esse
1095 2680 1099 2768 l
1115 2683 1207 2746 homo

96 2784 208 2848 debeat
228 2785 281 2866 qui
301 2786 334 2848 in
355 2803 468 2849 nouam
489 2785 681 2850 natiuitetem
706 2804 770 2868 per
791 2785 902 2848 fidem
922 2785 1052 2849 niuens
1082 2803 1205 2851 sensum

30 2904 86 2954 ze
98 2903 186 2965 suum
201 2886 240 2950 ad
259 2903 295 2950 ea
316 2904 394 2968 quae
410 2886 458 2950 dei
479 2886 670 2952 substantiae
686 2891 758 2951 sunt
779 2888 871 2968 digna
886 2885 1069 2966 moderetur,
1091 2890 1205 2963 tamen,

96 2980 131 3055 ut
151 2989 373 3053 scribturarum
394 2990 549 3072 dispositio
570 2991 609 3053 ad
634 2990 877 3072 intellegentiam
899 2992 1034 3053 nostrum
1056 2989 1205 3052 factorum

97 3091 243 3173 exemplis
254 3094 413 3173 tamquam
427 3092 608 3173 incorruptis
623 3092 804 3156 testimoniis
819 3094 955 3155 uteretur
971 3094 1002 3154 et
1016 3090 1205 3155 caritatem

97 3192 153 3257 dei
175 3184 429 3257 commendans
452 3194 489 3257 in
503 3193 608 3257 nobis
623 3196 852 3277 conpugnantes
867 3211 970 3259 rerum
986 3193 1160 3256 mortalium
1175 3193 1206 3255 in

197 3421 263 3477 101.
275 3421 350 3474 nom.
364 3423 389 3485 c,
400 3423 442 3477 cr.
493 3388 515 3476 Ι4
531 3421 666 3486 remo.
723 3425 755 3478 10
771 3422 793 3476 1.
807 3421 865 3478 cor.
879 3425 919 3486 15,
931 3425 972 3478 55.
1028 3423 1059 3477 11
1079 3421 1153 3490 reus]
1171 3419 1204 3474 er.

97 3504 175 3559 Hebr.
188 3508 228 3569 12,
239 3508 264 3561 6.
277 3509 316 3563 lo.
370 3509 402 3562 17
419 3506 452 3560 cf.
465 3505 556 3576 Hier.
571 3509 594 3571 1,
606 3510 630 3589 8.
643 3509 688 3570 283
706 3506 763 3562 cal.
775 3510 799 3571 2,
813 3510 857 3570 18;
874 3508 917 3562 Ps.
935 3511 975 3590 59,
989 3509 1012 3563 1.
1065 3509 1097 3562 19
1108 3506 1151 3560 Ps.
1165 3508 1205 3569 70,

99 3593 243 3648 ro.ao.rr.
295 3591 526 3656 ordenare..
547 3592 850 3657 aaronica.
902 3594 935 3648 er
953 3591 1145 3655 enonas.

197 3789 214 3843 5
231 3786 302 3842 ulna
318 3791 371 3842 nat
389 3789 438 3842 int.
457 3787 534 3858 sens]
552 3786 589 3841 cf..
597 3788 704 3843 Hilarii
721 3787 791 3843 locos
809 3788 843 3842 ad
859 3805 886 3858 p.
899 3792 939 3852 74,
953 3792 986 3845 16
1003 3788 1103 3847 allatos.

138 4011 355 4085 sestianae.
437 4000 708 4071 crescentes
785 4013 815 4068 11
836 3967 966 4093 co'icrprr
1042 4003 1204 4072 larebat

98 4099 613 4190 cortroroie,eacnsrenc.,a(in
624 4113 968 4182 reueninecpuneodel
1004 4117 1208 4202 morosam,

146 4227 220 4271 rrrrr.
235 4228 325 4272 rnen.
1040 4220 1054 4266 r
1262 4190 1332 4374 Ι
