2812 4634
405 309 613 364 Priscilliani
627 313 793 364 tractatus
810 310 845 364 11.
904 315 907 320 '
1144 295 1186 386 35

77 465 181 528 dentes
197 466 400 544 saecularium
409 461 420 550 l
430 468 555 529 actuum
566 463 713 529 tenebras
720 469 906 548 respuentes
922 469 1002 530 totos
1017 482 1072 529 nos
1085 466 1186 529 dedis*
1207 473 1247 528 42

74 584 176 630 semus
199 566 265 646 dco,
280 561 417 650 legenter
440 567 519 648 quod
542 567 595 648 qui
617 579 803 648 quemquam
826 567 958 649 amplius
980 585 1073 648 quam
1095 567 1187 630 deum

74 667 214 750 diligeret
232 669 440 750 discipulus
460 669 538 732 eius
554 685 719 733 essenon
740 670 874 751 posset,
897 669 948 734 alii
964 672 1103 733 nostrum
1122 669 1185 732 iam

69 770 105 838 in
115 770 234 834 eclesiis
246 771 335 835 electi
346 771 412 850 dec,
424 771 478 834 alii
489 771 554 834 uita
566 770 756 836 elaborantes
768 775 803 834 ut
815 772 1006 854 eligeremur,
1018 771 1185 836 catholicae

44 872 158 953 opacis
181 872 383 953 sequebamur
402 873 549 954 quietcmr
572 891 681 936 uerum
702 891 773 937 cum
794 877 918 956 repente
934 874 999 936 sinc
1014 873 1186 937 necessaria

70 975 286 1056 redargutione
316 975 382 1038 siue
412 975 616 1039 aemulatione
647 974 729 1038 uitae
763 993 816 1037 seu
849 975 1010 1039 nouissimi
1039 976 1184 1058 temporis

71 1079 225 1158 potestate
258 1077 408 1140 orirentur
442 1076 669 1154 contentiones,
704 1093 759 1140 nos
792 1077 952 1141 caritatem
987 1076 1103 1141 christi
1135 1077 1185 1140 dci

70 1181 223 1260 optantes,
241 1181 273 1243 et
297 1197 404 1261 pacem
431 1179 488 1242 etsi
516 1179 702 1242 couscientia
730 1177 971 1259 confidebamus,
998 1178 1184 1243 timebamus

71 1284 188 1359 tamen,
210 1281 354 1363 nequid,
377 1281 457 1344 sicut
478 1281 595 1345 factum
618 1284 675 1359 est,
699 1281 854 1344 contentio
877 1280 1050 1345 animorum
1070 1281 1185 1346 faceret

31 1400 59 1440 ro
72 1382 154 1463 quod
172 1399 231 1464 pax
250 1383 440 1445 eclesiastica
458 1400 519 1446 non
539 1386 666 1446 teneret.
700 1381 766 1444 Dec
782 1386 886 1446 tamen
908 1384 961 1463 qui
980 1382 1083 1466 {unus
1106 1384 1184 1447 etin
1223 1435 1227 1442 ,

71 1482 215 1548 omnibus
239 1502 331 1548 uerus
359 1489 406 1549 est
432 1484 511 1547 inter
541 1485 615 1547 baec
637 1484 763 1567 gratias,
791 1484 871 1565 quod
897 1485 1000 1549 nullus
1027 1503 1043 1548 e
1069 1485 1183 1549 nostris

69 1587 125 1668 qui
146 1585 286 1650 libellum
307 1586 489 1650 tradidimus
512 1604 608 1667 usquc
630 1587 662 1649 in
682 1587 740 1649 hcc
762 1589 884 1668 tempus
907 1587 957 1650 uel
974 1590 1182 1652 accusatorem

68 1687 320 1770 reprehensibilis
336 1688 435 1751 adhuc
458 1689 540 1752 uitae
555 1688 655 1770 potuit
677 1687 789 1751 habere
804 1689 855 1752 uel
877 1688 1019 1768 iudicem,
1041 1689 1114 1752 licet
1128 1687 1183 1753 ob·

70 1790 196 1854 trectari
217 1805 279 1855 non
301 1809 420 1872 semper
442 1791 617 1855 noeentum
640 1791 691 1869 sit,
719 1791 772 1854 sed
795 1791 836 1855 sit
858 1791 1041 1872 aliquotiens
1064 1790 1182 1871 quieto·

29 1909 57 1950 re
70 1910 150 1955 rum.
188 1892 327 1974 Denique
349 1893 382 1955 in
403 1895 556 1957 conuentu
579 1893 818 1976 episcopaliqui
840 1893 1102 1976 Caesaraugustae
1124 1891 1183 1956 luit

70 2011 162 2058 ncmo
181 2012 205 2079 e
232 1996 345 2059 nostris
373 2014 444 2058 rcus
473 1996 573 2058 iactus
604 1999 739 2073 tenetur,
768 2013 859 2059 nemo
887 1999 1062 2074 accusatus,
1092 2012 1182 2057 ucmc

30 2124 33 2128 ·
69 2097 240 2176 aemuletur,
261 2113 351 2161 nemo
374 2097 538 2160 damnatus
561 2100 618 2177 est,
641 2099 762 2160 nullum
784 2098 901 2163 nomini
923 2093 1027 2161 nostro
1041 2096 1092 2160 uel
1113 2114 1182 2179 pro·

69 2198 240 2281 positcucl
258 2199 340 2263 uitae
362 2199 479 2263 crimen
500 2199 730 2279 obiectumst,
753 2216 843 2264 nemo
865 2203 901 2262 ut
921 2202 1100 2262 euocaretur
1121 2215 1182 2261 nou

69 2301 172 2365 dicam
208 2295 422 2366 necessitatem
455 2302 510 2365 sed
539 2320 608 2368 uec
632 2301 870 2365 sollicitudinem
904 2301 1020 2365 habuit.
1065 2301 1181 2364 Datum

23 2403 174 2467 „nescio
200 2404 280 2484 quod
306 2402 344 2466 ab
370 2401 521 2488 Hylldatio
548 2404 591 2468 ibi
618 2404 885 2468 commonitorium
911 2407 959 2467 est
989 2402 1069 2484 quod
1096 2402 1182 2465 uelut
1204 2410 1243 2464 43

69 2506 207 2588 agendae
235 2506 318 2569 uitae
345 2509 472 2587 poneret
501 2506 710 2588 disciplinam:
743 2524 833 2570 nemo
856 2506 919 2569 illie
940 2508 1081 2568 nostrum
1102 2504 1182 2567 inter

69 2608 126 2676 illa
138 2607 358 2689 repraehensus
374 2611 428 2671 tua
442 2608 637 2690 potissimum
653 2607 797 2690 epistula,
807 2611 914 2672 eontra
934 2606 1078 2689 inprobos
1093 2623 1182 2688 prac-
1242 2679 1258 2684 „.

69 2709 204 2789 ualente,
230 2709 263 2773 in
282 2715 360 2791 ‘qua'
377 2710 463 2774 iuxta
491 2709 669 2793 euangelica
698 2709 783 2773 iussa
809 2726 1024 2791 praeceperas,
1043 2727 1082 2772 ue
1108 2708 1181 2789 quid

67 2811 102 2875 iu
118 2810 260 2876 absentes
283 2816 314 2875 et
328 2812 482 2897 inauditos
497 2812 717 2884 decerneretur.
745 2810 809 2875 Nos
825 2815 940 2890 tamen,
962 2812 1022 2875 etsi
1037 2809 1180 2875 absentes

23 2934 55 2974 aa
67 2913 113 2976 ibi
127 2914 387 2996 luimus‘semper
398 2914 456 2977 hoc
467 2914 500 2985 in
511 2914 630 2978 eclesiis
647 2917 679 2977 et
694 2914 917 2977 admonuimus
925 2916 956 2977 et
970 2914 1180 2991 admonemus,

67 3019 107 3079 ut
123 3014 243 3098 inprobi
264 3033 364 3080 mores
387 3020 419 3079 et
433 3016 607 3080 indecentia
627 3015 772 3080 instituta
792 3015 921 3079 uiuendiv
938 3016 989 3079 uel
1010 3032 1088 3097 quac
1109 3017 1181 3077 dou-

67 3122 119 3181 tra
141 3116 256 3181 Christi
277 3118 326 3181 dei
347 3117 439 3180 iidem
465 3121 605 3200 pugnant
631 3117 799 3201 probabilis
827 3121 859 3181 et
881 3112 1076 3190 Christianae
1097 3116 1198 3190 uitae,

121 3344 123 3349 ,
170 3266 311 3369 seluce.
331 3288 371 3350 14,
389 3287 429 3341 ro.
507 3288 590 3354 aasq.
609 3285 642 3339 or.
655 3287 677 3340 1.
690 3286 757 3364 nrm,
770 3290 794 3347 s,
807 3289 848 3341 ao.
861 3289 917 3357 212.

174 3441 208 3494 24
229 3437 263 3492 cl.
285 3440 397 3507 Lucifer
419 3439 477 3494 Oct.
494 3454 520 3507 p,
538 3441 571 3494 66
593 3411 647 3525 not.
669 3438 710 3492 ed.
732 3412 845 3492 Hermu:
867 3437 928 3507 quia
949 3434 1083 3491 absentem
1104 3453 1180 3491 nemo

66 3521 147 3577 debet
162 3522 277 3578 iudicare
294 3539 341 3578 uec
358 3523 489 3578 damnare.
1113 3579 1116 3589 ,
1161 3537 1167 3577 ι
1223 3547 1225 3551 ·

119 3680 141 3732 4
159 3653 357 3748 eleceolvlt
426 3679 481 3734 ι’14
503 3620 637 3756 Salika,
665 3687 684 3735 u
708 3693 738 3731 ex
762 3689 792 3735 Ν
812 3693 877 3731 corr.
950 3692 997 3745 pro
1020 3666 1181 3744 Sllsebslt

67 3828 181 3885 enicas
198 3833 247 3890 sir
264 3821 325 3891 seb
344 3841 380 3892 ετ
433 3796 464 3887 1⁵5
483 3789 784 3901 caesarianensis
838 3833 869 3886 19
882 3819 1179 3904 solticitudinem,

68 3931 298 3995 mialmcrasum
341 3935 395 3993 ,24
411 3923 705 4010 beceRNfiwttfflf.
722 3932 886 4003 supralin.4
953 3924 1180 4012 dtittcpuottos

66 4037 102 4092 aa
131 4017 763 4123 υιτΑεΞΑωοῑικε][δΑωΝεΝτιιψεε;
794 4041 854 4103 poso
886 4043 1068 4112 oetaeum
1092 4033 1181 4086 utem

66 4153 142 4190 erasa
158 4139 204 4200 est,
222 4136 278 4205 syll.
299 4146 341 4198 κε
359 4137 387 4191 in
404 4137 521 4207 margine
538 4139 622 4191 exstat
638 4137 667 4190 in
684 4152 781 4190 rasura.
873 4211 878 4216 Δ
1003 4195 1005 4198 ,

993 4239 1028 4290 3*
