2812 4634
318 668 321 673 ’
393 741 395 746 =
488 681 866 799 cursurum

396 927 546 1012 ursan
572 926 955 1063 ruereturrous.

1234 1119 1323 1163 Wirceb.
1337 1122 1376 1166 tol.

161 1181 228 1255 Etsi
260 1190 336 1254 fides
371 1195 477 1254 nostra
509 1188 603 1263 null-is
635 1189 718 1253 uitae
753 1188 944 1253 offendiculis
979 1190 1115 1273 inpedita
1148 1202 1273 1256 secu-1
1385 1235 1388 1240 ψ

114 1311 188 1355 rum
214 1293 382 1355 catholicae
409 1291 612 1374 dispositionis
639 1291 697 1357 iter
722 1290 849 1355 tendens
880 1290 1036 1364 addeum
1063 1293 1160 1357 bbere
1186 1296 1234 1374 sit,

87 1399 235 1473 stamen,
258 1395 327 1475 qnia
349 1394 481 1462 zabolica
502 1392 720 1469 obtrectatione
745 1393 866 1475 pulsata
887 1394 919 1456 in
942 1411 977 1457 eo
999 1394 1079 1476 qnod
1103 1397 1235 1477 percuti-

115 1497 257 1579 turpius
279 1496 437 1577 probatur,
463 1495 629 1578 gloriosum
655 1489 741 1559 nobis
768 1494 914 1574 uidimus,
940 1496 1110 1561 beatissimi
1135 1516 1235 1564 sacer·

117 1599 231 1678 dotes,-
246 1602 281 1661 ut
312 1616 372 1662 non
401 1597 601 1680 redarguente
631 1597 826 1676 conscientia,
856 1599 996 1678 quamuis
1025 1599 1233 1680 frequentibus

115 1700 226 1764 libellis
237 1701 330 1765 locuti
340 1700 433 1763 fidem
444 1703 580 1763 nostram
595 1698 798 1775 hereticorum
809 1701 946 1763 omnium
958 1701 1097 1765 docmata
1108 1702 1233 1767 damna
1295 1727 1296 1730 ¹

116 1803 251 1866 uerimns
274 1807 305 1866 et
324 1802 427 1866 libello
446 1802 577 1866 fratrum
590 1804 770 1878 *nostrorum
788 1801 951 1881 Tiberiani,
968 1802 1080 1867 Asarbi
1103 1808 1133 1868 ct
1154 1815 1234 1870 cete·
1285 1827 1286 1830 ¹

76 1923 102 1960 ιο
116 1923 230 1983 rorum,
252 1923 323 1968 cum
344 1904 453 1985 quibus
476 1905 563 1968 nobis
585 1921 648 1968 uua
668 1903 743 1976 fides
766 1908 797 1975 ct
818 1922 897 1967 unus
922 1908 968 1968 est
986 1924 1104 1986 sensus
1125 1911 1233 1970 cuncta

116 2006 256 2071 docmata
281 2025 358 2088 quae
384 2011 489 2071 contra
515 2006 672 2080 Christum
696 2005 857 2071 uideantur
884 2025 951 2070 csse
974 2004 979 2089 Ι
1002 2007 1153 2072 damnata
1171 2009 1233 2072 siut

116 2112 148 2172 et
167 2110 295 2191 probata
316 2127 393 2190 quae
414 2128 469 2192 pro
490 2108 619 2188 Christo,
639 2112 743 2196 tamen
766 2107 858 2172 etiam
880 2111 1056 2190 nuncquia
1076 2111 1108 2172 id
1128 2111 1231 2190 uultis,

115 2211 194 2275 sicut
215 2210 362 2276 scribtum
388 2216 435 2276 est
460 2211 580 2293 parati
606 2227 749 2292 semper
774 2209 818 2273 ad
844 2211 1111 2276 contessionem
1137 2213 1232 2276 omni

219 2380 288 2436 131.
305 2380 376 2434 Patr.
394 2382 418 2443 3,
438 2383 477 2435 15.

217 2536 371 2590 illiteratos
382 2536 460 2603 Pict,
472 2535 504 2589 dc
515 2536 578 2590 trio.
598 2536 642 2590 bb.
656 2535 721 2602 VII,
732 2539 762 2588 4:
780 2534 904 2589 ecclesiae
913 2536 1047 2604 proprium
1060 2538 1106 2596 est,
1125 2538 1156 2588 ut
1172 2538 1229 2590 turn

103 2619 204 2673 *nincat
219 2635 279 2674 cum
293 2619 415 2682 laeditur,
432 2623 495 2674 tnnc
506 2618 673 2688 intelligatur
684 2635 745 2673 curn
757 2620 877 2688 arguitur
888 2636 909 2674 e.
922 2635 946 2688 q.
959 2636 979 2674 s.
1032 2622 1048 2675 9
1064 2622 1230 2689 Hieronym,

113 2706 166 2758 uir.
184 2705 232 2773 iit,
249 2723 270 2760 c.
286 2709 351 2759 123:
368 2704 521 2762 Tiberianus
537 2704 659 2758 Baeticus
677 2704 783 2774 scripsit
798 2719 847 2774 pro
864 2705 1018 2773 suspicione,
1032 2720 1088 2774 ¹qua
1100 2721 1160 2758 curu
1171 2705 1230 2759 Pri-

113 2789 230 2843 scilliano
252 2789 422 2844 accusabatur
442 2791 589 2852 haereseos,
614 2789 805 2859 apologeticum
825 2791 937 2845 tumenti
962 2791 1154 2860 compositoque
1177 2807 1230 2845 ser-

113 2890 202 2939 mone;
223 2874 269 2929 sod
289 2877 350 2944 post
370 2890 475 2929 snorum
493 2874 612 2938 caedem,¹
628 2873 715 2929 uenio
733 2874 819 2928 nictus
837 2875 914 2940 exilii,
932 2876 1047 2930 mutauit
1066 2876 1229 2944 propositum

112 2976 135 3014 e.
152 2975 177 3029 q.
195 2978 215 3016 s.
285 2963 362 3031 ΜΡ.
381 2962 448 3030 Sca,
465 2962 554 3016 abrosa
570 2961 612 3029 11,
626 2963 675 3029 51,
691 2956 722 3014 4.·
739 2960 907 3029 damnatique
923 2959 1049 3015 asarinus
1067 2961 1114 3024 (ita
1128 2960 1231 3015 Halmii
1338 2985 1342 2994 ·

112 3045 169 3101 cod.
180 3045 211 3110 P,
228 3045 355 3104 Asarinum
368 3045 395 3107 b>
412 3048 440 3100 et
450 3045 571 3101 Aurelius
589 3044 713 3099 diaconus
730 3044 826 3113 gladio,
844 3045 998 3100 Tiberianus
1015 3045 1143 3114 ademptis
1155 3044 1229 3099 bonis

111 3130 141 3182 iu
157 3128 319 3198 Sylinancim
336 3130 450 3185 insulam
468 3130 553 3185 datus.
617 3121 639 3155 Ὗ

155 3286 169 3340 1
187 3281 274 3338 Codex
292 3284 460 3353 inscriptions
481 3287 553 3338 carot
652 3284 773 3341 8Uerba
796 3275 959 3367 etsrytbes
977 3315 1009 3324 -
1029 3275 1228 3344 catholicae

112 3367 250 3463 bistones
261 3388 315 3440 tros
323 3403 415 3440 uersus
423 3386 562 3456 complent,
574 3385 654 3442 rubro
663 3386 747 3441 colore
756 3391 859 3442 exarata
867 3391 934 3440 sunt
979 3379 1231 3469 meretriculis,

110 3487 205 3543 niara
228 3498 263 3569 ff
278 3488 331 3562 nu
348 3505 439 3543 ram
456 3488 565 3543 ama
654 3480 938 3566 rtreeraes'ac
960 3489 997 3553 dn
1018 3491 1083 3554 est)
1108 3489 1154 3543 liu-
1177 3489 1226 3543 del·

110 3592 128 3644 9
154 3580 289 3673 ΙψεΙΙοξ
313 3587 440 3660 punctum
469 3590 597 3660 posterior
626 3605 720 3644 manns
745 3591 883 3660 supposuit
908 3589 988 3660 [man.
1011 3591 1025 3646 1
1051 3591 1159 3660 siquid
1183 3591 1227 3645 de-

109 3689 217 3746 lendum
238 3695 279 3746 est
295 3700 394 3761 su'pra
406 3709 516 3765 'norsum
532 3693 661 3760 punctum
671 3707 772 3760 ponere
788 3692 877 3762 seleth
895 3690 1017 3746 similiter
1032 3691 1085 3745 utc
1103 3701 1122 3750 s
1144 3692 1226 3746 abun-

110 3809 157 3878 ιιι
176 3809 222 3865 sor.
242 3813 293 3874 rs,
309 3811 433 3878 essse.
453 3812 521 3877 rao,
541 3814 608 3875 rar,
629 3810 783 3878 reseras,
802 3810 864 3868 ιιιι
994 3814 1024 3867 ιι
1046 3770 1225 3872 draeisma

245 3899 650 3980 erpuoeataqoepaoxno
1220 3969 1225 3974 ,

90 3967 142 4053 ,ιι
156 3973 377 4026 assensorem
650 4007 659 4045 ,
683 3973 877 4046 erpsooara
895 3980 964 4018 man.
973 3965 995 4029 1,
1018 3967 1225 4048 qoepsoxuu

109 4083 179 4121 man,
196 4067 233 4132 11,
250 4068 351 4124 utnid.
1139 4147 1141 4151 y

1042 4170 1073 4221 1*
