2812 4634
190 277 230 340 12
642 285 850 345 Priscilliani

187 448 381 514 intellectum
403 448 518 530 aperire
538 447 706 510 dictorum:
729 447 826 528 quid,
848 446 964 529 inquid,
988 447 1105 511 adhuc
1127 461 1192 531 ego
1214 447 1307 510 iudi·

188 567 257 631 cor,
280 550 436 629 domino,
452 549 535 612 dum
549 548 730 630 corripior
745 552 782 613 et
796 567 937 632 arguor,
954 551 1016 613 ant
1032 548 1134 630 quod,
1150 549 1305 627 domine,

189 651 279 716 dabo
308 669 526 735 responsum
555 650 601 714 ad
629 650 720 713 talia
750 649 878 729 uerba,
913 668 991 714 cum
1022 651 1089 713 sim
1118 646 1236 715 nihil?
1266 650 1307 715 m

189 758 263 818 tnnc
289 753 431 817 dominus
458 753 552 816 etiam
580 751 669 815 nobis
699 756 770 834 post
798 753 910 817 futuris
937 753 975 815 ad
1004 749 1245 834 intellegendum
1273 771 1306 816 se

189 872 264 936 opus
290 853 378 918 uerbi
403 852 542 917 tribuens
570 852 751 935 parabolam
778 854 852 917 dicti
880 873 934 936 per
961 873 994 922 se
1014 851 1018 936 Ι
1038 855 1187 918 sermonis
1214 869 1344 937 expos

189 957 252 1021 suit
266 956 384 1019 dicens:
415 955 505 1034 noli,
527 955 643 1036 inquid,
666 953 878 1020 abalienare
900 955 1078 1019 iudicium
1099 973 1217 1019 meum
1239 974 1307 1020 nec

189 1058 367 1125 aestimes,
389 1076 443 1120 me
466 1056 575 1120 aliter
601 1049 812 1123 decreuisse
834 1057 906 1121 nisi
932 1061 972 1120 ut
994 1061 1032 1120 tu
1054 1058 1174 1128 minus
1198 1076 1306 1141 appa-

188 1177 268 1223 reas
291 1159 470 1232 iniustus;
498 1158 561 1221 sed
583 1157 729 1239 suscipe
752 1158 991 1223 altitudinem
1013 1164 1049 1222 et
1070 1160 1246 1223 uirtutem
1269 1165 1306 1226 et

189 1248 399 1325 claritatem
422 1265 458 1323 et
478 1260 651 1324 honorem
673 1259 837 1334 ind-uere3
864 1261 1032 1342 relinque
1054 1261 1204 1343 angelos
1226 1263 1304 1326 irae

189 1369 225 1427 et
253 1381 394 1428 omnem
429 1363 465 1427 in
499 1365 534 1426 te
567 1362 787 1426 iniuriosum
817 1366 853 1427 et
886 1362 1082 1445 superbum
1116 1363 1345 1447 extinguens

189 1467 375 1548 disrumpe
401 1483 420 1529 c
445 1469 480 1528 te
508 1465 630 1547 inpios
660 1468 696 1536 ot
723 1463 905 1533 absconde
934 1465 971 1530 in
997 1469 1096 1530 torra
1124 1468 1159 1529 et
1186 1466 1304 1530 facies
1333 1453 1335 1456 ’

189 1558 311 1631 eorum
337 1553 539 1653 ignominia
564 1567 679 1649 reple,
709 1570 749 1630 ut
775 1567 851 1631 sint
876 1566 955 1630 sino
980 1567 1129 1647 honoro,
1156 1570 1192 1632 et
1217 1571 1306 1633 tunc

189 1667 432 1734 confiteberis
454 1669 627 1749 quoniam
649 1671 779 1750 potens
806 1672 863 1733 est
888 1668 1039 1734 dextera
1060 1687 1138 1734 moa
1159 1670 1305 1734 saluare

189 1776 232 1835 te.
260 1771 380 1834 Etiam
400 1786 519 1833 coram
542 1772 577 1833 te
595 1770 674 1833 fera
695 1770 793 1833 sicut
813 1769 878 1833 bos
896 1770 1022 1835 fac-tus
1040 1773 1187 1842 faenum
1205 1790 1305 1837 man-

189 1874 307 1951 ducat,
330 1871 435 1936 cuius
458 1871 639 1936 fortitudo
662 1871 699 1935 in
720 1871 856 1935 lumbis
879 1872 956 1936 eius
976 1876 1012 1936 et
1032 1874 1152 1937 uirtus
1173 1874 1211 1938 in
1229 1892 1304 1939 um·
1318 1892 1344 1933 n

128 1986 166 2038 13
189 1974 301 2039 bilico
332 1973 476 2037 uentris
505 1978 540 2036 ot
569 1973 683 2037 cauda
716 1977 838 2037 erecta
868 1974 964 2038 siout
994 1975 1204 2058 cyparissus
1233 1973 1243 2061 ΙΙ
1270 1983 1306 2040 et

189 2077 295 2141 nerui
313 2075 475 2145 contorti
497 2076 594 2139 siout
612 2076 719 2150 ¹funes
739 2079 775 2139 ot
795 2076 915 2140 latera
934 2077 1012 2140 cius
1032 2082 1156 2160 petrae
1175 2096 1304 2142 aereae

190 2183 224 2243 et
246 2179 351 2263 spina
373 2177 476 2241 illius
499 2177 596 2242 sicut
616 2177 737 2260 paries
759 2179 911 2257 ferreus,
931 2183 966 2242 et
987 2179 1054 2243 hoo
1076 2183 1132 2244 est
1153 2181 1304 2245 initium

188 2283 325 2345 lactum
341 2279 483 2362 angelis
499 2279 542 2342 ad
556 2278 967 2361 inludendumplasmae
979 2299 1087 2345 meae.
1104 2279 1254 2361 Quactam
1266 2301 1304 2355 en

188 2383 292 2447 omnia
313 2384 525 2455 scrutantes
548 2381 767 2463 scripturas,
789 2380 960 2445 beatissimi
983 2384 1163 2463 sacerdotes,
1187 2384 1303 2448 scimus
1317 2401 1343 2442 so

189 2485 262 2566 quia
286 2487 434 2566 propter
460 2500 524 2546 nos
551 2483 691 2564 scripta
717 2487 816 2563 sunt,
838 2488 886 2562 nt,
901 2486 962 2564 ⁴qui
984 2484 1152 2548 bestiarum
1175 2491 1303 2549 naturas

72 2617 75 2624 ·
189 2587 285 2650 dictas
302 2587 335 2650 in
348 2584 503 2670 parabolis
518 2576 680 2667 intellegit,
695 2584 858 2667 repudians
870 2604 948 2667 quae
964 2591 1036 2650 sunt
1052 2587 1166 2650 saeculi
1180 2605 1303 2651 morum

187 2688 220 2755 in
247 2706 280 2751 so
308 2687 386 2751 uitia
414 2687 554 2769 castiget,
583 2687 664 2750 sicut
692 2686 842 2752 scribtum
857 2691 918 2759 vest
944 2688 976 2752 in
1002 2689 1192 2771 apocalypsi:
1220 2708 1304 2753 eoos

189 2806 317 2871 aquae,
340 2805 428 2870 quas
451 2787 582 2851 uidisti
604 2786 666 2851 ubi
689 2788 791 2852 sedet
814 2789 1000 2869 meretrix,
1023 2791 1149 2873 populi
1172 2795 1207 2854 et
1229 2795 1304 2855 tur·

290 3013 302 3065 l
325 3007 380 3062 Iob.
398 3012 439 3072 39,
458 3010 499 3064 34.
568 3007 661 3064 sloh.
679 3011 720 3072 40,
738 3010 761 3063 3.
780 3011 864 3065 5-14
887 3008 931 3076 (cf.
955 3011 1096 3078 Speculum
1118 3010 1186 3077 quod
1210 3010 1304 3066 dicunt

186 3096 334 3166 Aupustiai
350 3110 375 3162 p.
393 3095 443 3148 437
461 3092 501 3146 ed.
515 3091 664 3160 Woihrich).
754 3093 894 3148 20of.10.
913 3097 936 3156 5,
956 3095 996 3148 39.
1091 3097 1121 3149 21
1141 3094 1162 3147 I.
1181 3094 1301 3150 Corinth.

186 3183 210 3242 9,
230 3183 274 3242 10;
291 3179 404 3239 Romi.
418 3181 459 3234 24.
472 3180 516 3236 23:
534 3178 567 3231 cf.
581 3179 715 3247 Hilarensi,
728 3179 759 3233 de
771 3180 832 3233 troc.
842 3180 879 3246 X,
889 3183 922 3233 41
940 3180 1003 3246 (non
1015 3184 1125 3248 possunt
1143 3195 1194 3232 uon
1213 3182 1304 3234 omnis

186 3267 292 3334 proptor
309 3280 356 3317 nos
374 3268 449 3331 gesta
465 3279 520 3316 osse
538 3260 672 3330 intellegi).
744 3265 778 3318 23
795 3263 875 3331 Apoc.
895 3266 934 3327 17,
955 3268 994 3319 15.

228 3454 466 3510 sseumoroes
535 3442 551 3503 ι
574 3456 777 3536 rumosas,
798 3460 908 3509 morou
938 3450 1033 3505 littoris
1051 3451 1139 3519 pauno
1156 3453 1303 3509 minoribus

185 3586 255 3626 man.
273 3569 288 3624 I
305 3570 333 3624 in
351 3586 442 3623 rcsrrra
459 3570 557 3637 posuit:
575 3585 640 3635 qrros
658 3568 711 3621 sint
728 3584 808 3632 eraso,
827 3568 979 3669 nonlliquet
1049 3572 1080 3626 10
1103 3580 1304 3658 ειχιῐιΝςυε

187 3726 216 3779 11
237 3681 435 3802 διιῗκιιωρθ,
454 3722 525 3789 prior
544 3732 565 3780 a
583 3721 671 3774 littero
688 3720 789 3774 drochus
806 3720 881 3774 lineis
899 3720 1013 3775 obducta
1121 3726 1152 3779 14
1181 3727 1306 3794 etlam]

112 3910 115 3914 Ι
184 3841 295 3896 fortasse
313 3850 393 3902 ecce
411 3840 488 3894 scrib.
507 3845 554 3904 est,
573 3840 695 3908 septuag.
715 3838 767 3888 ἰδού
863 3840 995 3920 factus]
1024 3833 1078 3895 uio?
1104 3841 1182 3897 Arch.
1210 3843 1229 3897 1.
1257 3846 1303 3900 lat.

185 3995 317 4062 Lexikogr.
336 3992 386 4056 111,
405 3995 455 4049 315
526 3998 557 4049 15
584 3949 882 4052 Ιϋωθιξὲῼιῗιιῦῑϋὸ
1000 3995 1032 4048 16
1065 3997 1303 4080 ΕΙΥᾸρΑιιιὸξϋδ

187 4115 218 4166 ro
235 4105 378 4192 potasme
447 4114 480 4166 22
497 4105 698 4192 [sarnacum
723 4121 743 4170 o
767 4128 795 4164 ox
820 4121 841 4169 υ
866 4125 930 4164 corr.
