2812 4634
474 296 477 326 ³
549 309 710 360 tractatus
729 307 778 360 III.
1184 289 1223 354 51

108 463 187 526 item
208 461 265 525 ibi:
289 467 324 525 et
344 463 478 543 reliqui
500 479 686 525 sermones
705 463 897 526 Amessiae
918 463 1028 545 primi
1050 467 1085 526 et
1106 464 1227 526 nouis-

11 623 13 626 .
108 564 195 628 simi
223 581 340 628 nonne
370 582 452 627 ecce
481 564 611 646 scripti
634 566 718 628 snnt
745 566 781 628 in
810 564 903 628 libro
933 565 1071 628 diarum
1100 582 1226 647 regum

107 666 222 730 Indae
242 669 277 730 et
291 665 474 730 Istrahel?
495 667 573 729 item
591 666 648 729 ibi:
671 656 789 729 nonne
811 666 900 730 haec
923 668 1062 748 scripta
1083 670 1168 730 sunt
1189 667 1226 730 in

107 769 206 832 libro
222 767 361 831 dierum
375 786 501 850 regum
515 767 625 831 luda?
647 768 721 832 item
735 767 792 832 ibi:
809 773 845 832 et
865 770 998 851 reliqui
1017 767 1202 832 sermones
1217 765 1226 852 Η

81 870 283 934 shdonasse
317 873 351 934 et
382 871 499 935 oratio
534 871 609 934 eins
641 889 747 952 quam
776 872 895 935 orauit
917 872 960 935 ad
982 871 1166 934 dominum
1187 871 1223 934 in
1248 877 1286 930 66

110 974 257 1036 nomine
279 972 335 1036 dei
356 971 518 1036 Istrahel
540 990 620 1036 eece
647 972 786 1036 scribta
816 977 901 1037 sunt
930 974 966 1038 in
995 974 1225 1038 sermonibus

110 1074 290 1139 orationis
321 1075 396 1163 eiua
423 1075 521 1138 etin
547 1075 776 1139 sermonibus
802 1076 1016 1146 uidentium.
1056 1073 1130 1154 Quis
1153 1093 1225 1158 ergo
1251 1132 1254 1138 .

110 1176 288 1242 huiusmodi
309 1176 440 1241 fluctuus
461 1178 613 1258 patienter
635 1177 784 1258 accipiat?
820 1177 900 1240 Hinc
922 1195 983 1241 una
1005 1196 1040 1240 er
1066 1180 1152 1259 parte
1179 1179 1225 1240 in·

111 1282 204 1344 docte
231 1281 318 1362 urget
347 1279 476 1359 insanie,
505 1279 590 1343 furor
620 1280 712 1362 exigit
738 1281 886 1360 inperitus
915 1280 990 1343 nihil
1021 1278 1122 1342 dicens
1152 1279 1227 1342 aliut

71 1399 97 1438 ιο
112 1383 174 1446 nisi
195 1382 256 1446 sint
278 1381 426 1446 catholica
447 1399 542 1444 necne
564 1399 641 1462 quae
671 1381 759 1452 dicis:
789 1381 902 1444 damna
927 1400 1005 1463 quae
1032 1398 1087 1464 ego
1114 1381 1225 1459 nescio,

60 1506 62 1509 ·
111 1486 226 1548 damna
254 1485 334 1565 quod
363 1500 419 1567 ego
450 1500 512 1547 non
541 1483 621 1567 lego,
652 1484 764 1547 damna
792 1484 873 1565 quod
903 1484 1004 1548 studio
1035 1484 1226 1566 pigriscentis

111 1588 167 1650 otii
177 1577 248 1651 'no‘n
269 1587 397 1667 requiro.
419 1586 502 1649 Hinc
524 1605 559 1649 ex
580 1590 666 1668 parte
681 1586 778 1650 altera
793 1586 931 1650 diuinum
949 1589 1039 1669 urget
1058 1586 1225 1667 eloquium:

112 1692 292 1769 scrutate,
318 1689 432 1770 inquid,
460 1689 677 1771 scripturas,
706 1689 783 1752 illud
811 1689 1001 1770 peculiariter
1026 1705 1164 1766 monens
1191 1691 1227 1750 ut

111 1810 244 1872 quorum
279 1792 404 1874 sangnis
437 1791 476 1855 ad
504 1791 716 1855 testimoninm
745 1786 907 1875 uinldictae
936 1788 1091 1873 quaeritur
1120 1806 1226 1853 eornm

71 1910 98 1949 ιε
114 1894 234 1975 eloquia
254 1911 316 1958 non
338 1897 495 1976 negentur.
518 1894 602 1958 Inter
624 1911 701 1974 quae
722 1894 813 1974 positi
827 1894 997 1957 necessario
1012 1892 1224 1957 confidentiam
1308 1893 1310 1897 ’

111 1996 176 2060 iam
197 1997 339 2060 nolumus
360 2014 426 2059 essa
448 1996 529 2076 quod
548 1995 724 2058 dicebamus
743 1998 833 2058 antea
852 2013 919 2058 esse
934 1995 1093 2058 cautelam.
1117 1992 1225 2057 Habeo

111 2099 323 2162 testimonium
356 2098 416 2179 dei,
450 2097 548 2162 habeo
582 2098 801 2180 apostolorum,
834 2097 931 2161 habeo
963 2097 1164 2179 profetarum:
1199 2097 1224 2160 si

57 2203 62 2212 '
112 2218 225 2282 quaero
247 2201 327 2282 qnod
343 2199 506 2265 Christiani
527 2201 660 2265 hominis
680 2204 735 2279 est,
759 2200 785 2262 si
800 2199 880 2281 qnod
899 2200 1102 2263 eclesiasticae
1124 2199 1225 2280 dispo·

114 2301 243 2383 sitionis,
266 2303 291 2367 si
314 2303 394 2385 quod
416 2303 464 2366 dei
486 2301 598 2367 Christi
620 2306 677 2382 est,
699 2302 732 2364 in
753 2302 802 2364 his
816 2302 937 2365 inuenio
960 2302 1012 2382 qui
1032 2301 1123 2364 deum
1136 2318 1225 2382 prae-

71 2421 99 2459 ιο
113 2394 224 2485 dicant,
250 2406 282 2468 in
304 2405 351 2468 his
373 2406 495 2470 inuenio
518 2406 570 2486 qui
591 2406 753 2487 protelant.
787 2403 857 2468 Non
878 2407 925 2467 est
947 2403 1047 2483 timor,
1069 2403 1145 2466 fidos
1167 2407 1223 2483 est,

112 2502 195 2589 quod
224 2507 379 2590 diligimus
409 2507 534 2571 meliora
563 2511 594 2571 et
624 2507 771 2570 deteriora
799 2506 986 2587 respuimus,
1015 2523 1113 2568 unum
1146 2505 1225 2569 inter

111 2611 172 2674 ista
193 2613 361 2690 seruantes,
383 2613 427 2690 ut,
450 2610 593 2691 quoniam
614 2609 646 2672 in
668 2608 842 2672 huiusmodi
862 2596 959 2688 libris,
982 2625 1057 2688 quos
1077 2610 1161 2671 extra
1175 2625 1225 2671 ca-

113 2713 290 2777 nonioornm
318 2711 467 2776 librorum
489 2730 651 2775 numerum
678 2711 716 2775 ad
744 2710 866 2793 legendi
894 2709 1030 2773 laborem
1060 2706 1224 2794 diligenlltia
1247 2713 1284 2766 67

112 2813 284 2879 retentabat
314 2814 411 2896 adque
441 2814 480 2878 ad
510 2814 724 2895 conprobanda
746 2831 783 2875 ea
810 2830 889 2893 quaa
916 2813 1029 2894 scripta
1049 2813 1079 2874 in
1110 2828 1224 2875 canone

71 2931 99 2972 2⁵
113 2919 244 3001 legimus
277 2917 433 2998 adsumpti
462 2921 542 2996 sunt,
576 2917 778 2980 hereticorum
806 2916 839 2978 in
867 2915 1011 2997 pleraque
1040 2933 1147 2977 sensus
1177 2915 1224 2977 in·

113 3021 229 3084 uadens
250 3038 386 3103 pugnam
408 3019 564 3083 catholicis
586 3037 697 3100 parans
720 3018 832 3082 falsare
857 3019 967 3081 maluit
993 3034 1086 3098 quam
1111 3021 1224 3094 tenere,

112 3123 198 3186 illam
220 3123 418 3204 apostolicam
443 3121 577 3185 feramus
600 3122 665 3184 iure
688 3121 871 3184 sententiam
893 3138 1031 3185 omnem
1056 3119 1223 3200 spiritum

113 3225 174 3306 qui
202 3228 313 3307 negat
334 3224 457 3288 Iesum
484 3223 524 3286 de
554 3224 618 3287 deo
640 3241 710 3286 non
733 3241 812 3285 esse
835 3226 870 3285 et
891 3239 1030 3285 omnem
1054 3220 1223 3302 spiritum

112 3327 173 3408 qui
195 3326 397 3391 confitetur
417 3325 603 3391 Christum
624 3325 745 3388 lesum
768 3325 809 3388 de
832 3325 896 3388 deo
919 3341 1013 3402 esse,
1036 3323 1115 3386 sicut
1130 3321 1224 3384 scrib-

214 3516 227 3569 1
240 3513 276 3568 11.
286 3513 398 3582 Paralip.
409 3515 449 3578 25,
459 3516 500 3569 26.
552 3515 568 3567 3
580 3511 614 3566 II.
625 3511 738 3580 Paralip.
749 3512 790 3574 28,
799 3513 840 3566 26.
892 3508 956 3565 411.
968 3507 1081 3575 Paralip.
1091 3508 1176 3569 33,18.
1184 3507 1222 3560 19.

114 3602 145 3655 13
162 3600 290 3662 10.5‚ae.
360 3601 393 3655 27
412 3597 445 3653 of.
457 3599 478 3652 1.
492 3597 528 3653 Io.
541 3601 565 3660 4,
579 3600 602 3652 3.
615 3600 639 3652 2.

212 3774 246 3827 20
264 3770 304 3826 Of.
322 3773 429 3826 Hilarii
447 3770 542 3834 locum,
562 3784 638 3837 quem
656 3784 735 3836 supra
751 3784 776 3837 p.
788 3769 822 3822 45
840 3765 925 3820 attuli.

155 3946 169 3999 1
190 3924 298 4024 ue'qm
369 3943 401 3996 ro
422 3920 559 4010 meeme'
628 3940 661 3992 eo
679 3937 798 4005 troica]
814 3929 1222 4006 p1·0paercaorelaoo(u.1or

113 4046 183 4099 nolui
205 4049 306 4099 mutare
328 4045 356 4098 in
377 4052 500 4102 tumori
522 4040 566 4109 (cl.
584 4041 712 4095 Hilarius
730 4042 745 4095 l.
760 4043 776 4095 l.
789 4038 947 4107 ‘temeritas't
967 4030 1049 4120 fidis
1126 4039 1159 4092 25
1177 4028 1222 4095 Αὸ

112 4131 267 4231 sumpta*

1037 4243 1069 4293 41
