2812 4634
176 292 266 350 XLVI

146 443 152 459 '⁷
175 459 376 524 bibliothecae
391 457 654 541 wirceburgensis
669 457 850 538 praefectus,
874 456 926 536 qui
945 460 979 520 ut
994 455 1130 519 codicem
1145 455 1186 518 W
1202 458 1286 519 tran-

140 608 142 613 ·
176 559 340 625 scriberem
362 561 533 640 totiensque
556 559 691 641 singulos
713 559 795 622 locos
816 557 998 640 inspicerem
1024 558 1113 622 facile
1135 558 1286 640 permisit,

175 663 346 728 Guilelmus
369 663 410 725 de
432 662 562 725 Hartel
584 662 631 723 uir
653 678 792 724 summus
815 664 847 723 et
867 658 990 724 Samuel
1011 659 1147 724 Brandt
1168 660 1286 723 amicus

175 764 495 843 beneuolentissimus,
534 765 585 843 qui
621 764 653 826 in
686 761 879 844 corrigendisv
906 761 1038 844 plagulis
1075 781 1125 825 me
1162 763 1287 825 adiuue-

154 871 257 952 mut,
278 866 475 929 Hermannus
497 864 663 929 Boensch
684 864 732 926 uir
754 863 950 942 uenerabilis,
972 865 1033 944 qui,
1056 882 1125 927 cum
1146 864 1178 927 in
1200 868 1287 928 tauta

156 967 355 1032 ‘citationum
383 966 566 1031 biblicarum
595 967 675 1030 mole
704 985 743 1029 ne
769 985 819 1029 me
848 965 1000 1048 fugissent
1026 984 1146 1028 uererer
1172 965 1288 1046 aliquot

102 1095 125 1142 ς
176 1072 244 1150 loci,
267 1069 475 1152 duodeuiginti
495 1070 577 1132 locos
593 1068 667 1132 mihi
682 1068 826 1131 indicauit
847 1085 930 1130 ame
945 1070 1035 1131 antea
1055 1069 1287 1149 praetermissos

176 1172 276 1252 (uelut
293 1171 346 1234 IV.
362 1170 449 1234 llsdr.
473 1188 538 1252 cap.
557 1169 620 1254 14),
642 1169 766 1234 Samuel
780 1169 916 1252 Berger
938 1172 969 1243 et
983 1168 1158 1232 Theodorus
1173 1169 1286 1249 Zahn,

177 1275 229 1355 qui
254 1275 293 1337 ad
318 1273 510 1356 quaestiones
536 1271 663 1336 biblicae
682 1271 763 1335 mihi
788 1271 1019 1354 responderunt,
1040 1270 1179 1336 Adamus
1201 1273 1303 1340 deni-.

177 1395 235 1458 que
257 1376 432 1454 Eussner,
454 1375 502 1438 uir
523 1374 722 1437 humanitatis
745 1373 881 1437 eximiae.

219 1476 333 1556 Quodsi
354 1481 551 1540 cunctantem
572 1494 622 1539 me
645 1479 675 1539 et
690 1476 837 1556 quaedam
860 1475 982 1558 incepta
1004 1477 1101 1560 magis
1117 1495 1209 1558 quam
1232 1477 1286 1541 ab·

177 1580 278 1644 soluta
299 1597 365 1642 esse
391 1578 621 1662 intellegentem
647 1595 708 1641 non
732 1576 823 1659 pauci
848 1581 1032 1642 monuerunt
1057 1579 1117 1649 uiri
1139 1579 1229 1659 docti,
1251 1584 1287 1642 ut

177 1685 292 1763 quanta
319 1698 441 1762 possem
470 1681 624 1744 celeritate
653 1698 732 1760 quae
764 1680 950 1743 inuenissem
980 1680 1110 1760 ederem,
1144 1681 1285 1764 equidem

177 1785 318 1865 quamuis
333 1801 424 1864 saepe
438 1783 601 1865 impeditus
615 1780 752 1845 muneris
767 1781 880 1864 publici
899 1782 1047 1866 angustiis
1062 1785 1166 1847 tamen
1181 1785 1286 1867 negle-

178 1905 249 1969 gere
273 1884 305 1948 id
326 1884 487 1948 consilium
507 1884 591 1947 nolui
616 1888 648 1947 et
668 1884 726 1946 hac
751 1889 821 1947 mea
842 1884 973 1948 editione
998 1886 1133 1968 principe
1159 1887 1286 1967 eiusque

178 1987 405 2051 commentariis
427 1989 459 2049 et
472 1985 622 2049 indicibus
636 1985 725 2048 firma
739 1985 849 2048 saltem
863 1986 1062 2050 fundamenta
1084 1991 1115 2050 et
1128 1987 1286 2052 substruc-

178 2090 294 2152 tionem
315 2088 408 2151 fidam
423 2105 473 2151 me
491 2105 683 2168 comparasse
699 2106 795 2170 spero,
817 2086 974 2169 inquibus
996 2088 1125 2152 aliorum
1138 2089 1286 2156 insistant

179 2195 211 2254 et
225 2190 435 2273 theologorum
457 2193 488 2253 et
502 2188 725 2272 philologorum
747 2189 855 2253 studia.
898 2189 1029 2253 Prodest
1053 2191 1147 2273 igitur
1169 2199 1284 2273 auctor,

58 2281 61 2286 ’
179 2310 271 2372 quem
296 2296 362 2355 tam
385 2293 478 2373 longa
498 2295 613 2354 texerat
634 2291 756 2370 obliuio,
782 2292 987 2373 propitiosque
1012 2292 1148 2356 inueniat
1168 2294 1284 2359 iudices

180 2398 212 2457 et
234 2393 292 2456 sibi
313 2398 344 2457 et
366 2392 481 2456 editori.
607 2447 609 2451 ,

224 2596 400 2662 Scribebam
421 2576 613 2680 Wirceburgi
635 2616 739 2661 mense
762 2599 901 2683 Augusto
922 2617 949 2663 a.
967 2597 1057 2664 1888.

888 2866 1049 2967 Georgius
1074 2868 1228 2971 Schepss.
