2812 4634
185 348 187 354 ’
226 356 333 414 xn1111
439 361 440 365 ’

224 542 282 603 rite
299 540 433 618 delectis,
450 541 493 603 sic
508 541 747 603 reducendorum
760 557 955 606 numerorum
969 557 1089 621 semper
1103 539 1340 605 fundamentum

224 660 348 707 manere
370 661 459 726 posse
481 662 549 707 meo
572 644 637 708 iure
660 642 786 707 conlido.

238 1166 240 1169 ι
339 1048 490 1141 CAPUT
511 1050 569 1123 IV.
600 1050 660 1124 DE
683 1048 853 1125 OROSII
875 1048 1146 1127 GODIOIBUS
1168 1052 1222 1126 ΕΤ

606 1175 952 1251 EDITIONIBUS.
1061 1195 1062 1199 ’

263 1343 538 1408 Commonitorium
554 1343 737 1408 Orosianum
752 1344 833 1408 inest
854 1344 886 1406 in
896 1343 1064 1425 Augustini
1080 1347 1234 1409 nonnullis
1255 1348 1337 1410 eodi-

220 1446 305 1510 cibus
328 1445 558 1510 obeditionibus
581 1450 652 1510 ante
669 1464 740 1509 eum
754 1445 921 1527 Augustini
940 1446 1064 1525 librum,
1092 1465 1184 1527 quern
1209 1467 1337 1531 respon-

220 1549 313 1613 sionis
335 1550 400 1612 loeo
423 1549 507 1613 dedit
529 1549 568 1612 ad
586 1547 728 1612 Orosinm
751 1551 857 1611 eontra
878 1548 1126 1612 Priscillianistas
1150 1553 1181 1612 et
1197 1549 1335 1632 Origeni-

220 1655 292 1715 stas.
326 1651 420 1714 Ame
444 1652 501 1714 duo
524 1652 641 1715 codices
665 1650 848 1714 adhibentur
870 1651 916 1714 hi:

260 1753 341 1816 A:
357 1752 431 1816 cod.
447 1752 705 1816 Landnnensis
722 1752 833 1834 (Leon)
849 1770 934 1815 num.
947 1750 1019 1832 330,
1037 1772 1060 1816 s.
1073 1753 1131 1826 IX;
1148 1771 1336 1819 commemo·

217 1856 297 1919 rauit
309 1874 378 1918 eum
391 1856 463 1919 olim
474 1854 740 1934 Montefalconius‚
752 1854 826 1919 bibl.
839 1854 914 1918 bibl.
927 1854 968 1933 Π,
983 1852 1112 1928 1296Α;
1128 1874 1210 1919 nunc
1222 1856 1336 1922 descri-

103 2006 104 2011 .
217 1956 300 2021 bitur
324 1959 356 2020 in
379 1956 555 2039 ‘Oatalogne
581 1957 705 2039 general
735 1956 789 2020 des
815 1957 1001 2021 manuscrits
1029 1958 1081 2020 des
1108 1957 1335 2040 bibliotheques

216 2058 379 2142 publiques
402 2059 455 2122 des
482 2059 728 2142 departements',
754 2059 841 2123 Paris
863 2056 954 2139 1849,
981 2063 1055 2122 tom.
1075 2060 1100 2138 I,
1127 2080 1156 2142 p.
1180 2060 1253 2141 184,
1282 2061 1336 2125 ubi

217 2167 298 2227 totus
321 2163 414 2227 codex
436 2180 515 2226 saec.
539 2162 615 2226 VIII
636 2160 686 2226 nel
705 2162 798 2226 VIIII
820 2162 975 2226 tribuitur.
1016 2162 1216 2227 Accuretiora
1238 2164 1336 2228 debeo

217 2266 324 2330 Oarolo
339 2265 478 2345 Wotke,
502 2266 554 2346 qni
575 2265 730 2347 profectus
752 2265 785 2328 in
807 2264 914 2327 urbem
941 2265 1177 2329 Landunensem
1199 2267 1336 2330 codicem

215 2369 247 2431 in
274 2386 379 2431 meum
400 2387 491 2431 nsum
519 2368 659 2431 excussit.
704 2365 781 2430 Sunt
802 2366 896 2449 igitur
923 2364 964 2428 62
986 2366 1060 2430 folia
1081 2367 1114 2430 in
1135 2367 1182 2446 4⁰,
1203 2386 1335 2448 quorum

215 2471 267 2534 fol.
286 2469 387 2531 1-47
411 2488 505 2533 mann
521 2488 599 2533 saec.
615 2470 645 2532 X
667 2473 790 2533 exarata
805 2471 877 2533 sunt
893 2472 923 2532 et
944 2468 1093 2551 praebent
1108 2469 1212 2534 Sancti
1227 2471 1336 2535 Basilii

215 2573 368 2655 regulam
389 2572 525 2654 sequitur
544 2576 648 2636 noster
667 2571 766 2636 Orosi
781 2572 863 2636 liber
880 2572 913 2634 in
931 2572 982 2635 fol.
1002 2569 1334 2638 48-51marusaee.

214 2675 307 2738 VIIII
333 2676 474 2757 scriptus,
502 2693 593 2757 quem
620 2675 729 2757 excipit
749 2673 918 2757 Augustini
938 2674 1017 2738 liber
1044 2674 1082 2737 ad
1102 2673 1244 2757 Orosinm
1267 2675 1332 2757 (fol.

214 2775 369 2861 51-58);
395 2778 427 2842 in
452 2776 513 2841 fine
540 2777 650 2842 codicis
676 2777 696 2840 i.
721 2795 747 2840 e.
775 2777 827 2840 fol.
851 2773 986 2837 59-62
1013 2781 1181 2857 sequuntur
1207 2777 1334 2858 quidam

215 2880 334 2944 articuli
363 2879 518 2944 breuiores
549 2879 677 2963 (‚,A1iud
704 2882 751 2943 est
782 2880 814 2942 in
839 2878 942 2943 Adam
967 2896 1111 2960 peccasse
1147 2895 1183 2926 -’
1213 2880 1246 2943 in
1268 2881 1334 2943 suis

215 2983 429 3056 sacramentis3
456 3017 496 3030 -
521 2981 704 3046 Generalem
733 2981 884 3045 iustitiam
913 2998 974 3046 non
1000 2980 1097 3045 uiolat
1122 2982 1180 3044 nisi
1206 2981 1335 3046 libidine

214 3090 423 3168 transgressus
445 3084 538 3149 fuerit
567 3120 601 3130 -
623 3084 821 3166 perhibentur
843 3087 948 3149 autem
969 3082 1065 3146 ubera
1088 3083 1274 3146 feminarum
1297 3103 1333 3147 ex

237 3189 243 3202 .
421 3185 435 3220 u

214 3191 342 3354 dlesse-o-ll
358 3189 568 3355 cod.)I'aris.
592 3285 676 3352 2093
699 3307 723 3352 s.
740 3288 826 3353 XHI.
871 3288 943 3352 Fuit
965 3289 1037 3352 olim
1061 3288 1206 3353 ecclesiae
1228 3287 1333 3354 Sancti

212 3393 347 3457 Amandi
373 3394 405 3457 in
425 3392 545 3456 Pabula
568 3391 711 3474 (monast.
732 3391 929 3474 Elnonense)‚
955 3395 1061 3471 postea
1081 3392 1162 3454 inter
1180 3391 1245 3454 cod.
1262 3391 1333 3454 'Iol-

212 3496 342 3570 lerianos
359 3495 478 3558 delatus
495 3498 551 3574 est,
564 3494 673 3558 deinde
688 3494 764 3576 Reg.
778 3491 877 3568 3633;
896 3527 939 3538 -
952 3510 1056 3575 magn.
1072 3491 1214 3572 0‚370><
1224 3491 1329 3572 0350.

212 3596 404 3661 Describitur
431 3599 462 3660 in
493 3598 624 3680 catalogi
652 3596 745 3660 codic.
777 3613 928 3659 manuscr.
960 3595 1034 3660 bibl.
1065 3615 1128 3678 reg.
1162 3601 1248 3678 parte
1272 3596 1331 3677 III,

212 3703 286 3765 tom.
302 3699 351 3764 ΙΠ
369 3698 470 3781 (Paris
488 3698 583 3781 1744)
605 3719 634 3782 p.
651 3697 729 3774 2373
752 3698 888 3779 continet
910 3699 1023 3763 multos
1045 3697 1212 3781 Augustini
1233 3699 1331 3763 libros

213 3804 297 3878 etin
318 3802 379 3865 fine
401 3801 532 3866 Gilberti
558 3819 668 3884 poema
694 3801 731 3865 de
752 3801 891 3865 incendio
914 3801 1092 3865 monasterii
1113 3800 1170 3865 Sci.
1194 3800 1332 3865 Amandi

177 3955 179 3960 .
212 3906 299 3970 libris
312 3908 465 3987 quattuor,
477 3905 585 3969 deinde
597 3904 753 3988 epitaphia
765 3903 922 3985 quaedam.
951 3902 1049 3967 Orosii
1064 3904 1332 3967 commonitorium

213 4008 320 4089 incipit
345 4007 377 4071 in
399 4007 450 4071 fol.
475 4005 548 4078 12ος
576 4007 712 4090 sequitur
733 4004 900 4088 Augustini
925 4006 1091 4087 responsio.
1127 4004 1332 4069 Oollationem

213 4128 232 4175 a
252 4109 462 4174 Maximiliano
486 4110 628 4174 Bonnet
656 4109 769 4172 factam
792 4108 924 4190 benigne
947 4126 1068 4171 mecum
1090 4107 1332 4172 communicauit

213 4212 339 4278 Ouolas
359 4212 587 4295 Zangemeister
609 4211 708 4294 (cuins
724 4211 762 4274 cf.
786 4211 832 4274 ed.
850 4209 935 4274 Oros.
958 4229 988 4292 p.
1004 4209 1176 4282 XXXVII).
