2850 4628
139 252 198 316 152
473 308 475 315 .
581 268 674 322 Pauli
697 267 803 323 Orosii

47 430 75 468 -“
136 426 264 488 aliorum
292 424 543 505 plantationes
573 425 623 488 uel
652 425 833 488 insertiones
861 444 932 488 erue
959 430 1049 507 atque
1073 427 1194 491 s'uooide
1222 431 1255 492 et

135 546 241 591 ueram
257 546 366 609 sparge
382 532 552 591 sementem
568 527 654 590 nobis
671 527 707 589 de
722 528 783 590 tuis
806 527 941 591 fontibus
964 530 1149 610 rigaturis.
1187 530 1254 612 Ego

136 630 227 692 ‹leum
249 633 359 692 testem
383 630 516 711 spondeo
539 634 570 692 et
590 631 856 693 incrementum
879 631 978 712 operis
999 631 1044 693 tui
1060 648 1159 712 spero,
1182 634 1254 712 quia

135 736 217 796 terra
238 732 290 795 illa
313 750 389 812 quae
412 750 492 794 nuno
514 733 650 814 ingratos
672 731 789 795 fruotns
812 733 963 796 insincera
983 733 1103 796 cultura
1119 733 1252 814 exhibet,

137 836 162 898 si
185 852 252 896 eam
275 835 311 896 de
335 852 465 897 manna
487 834 551 897 illo
574 833 762 897 recondito
792 835 873 915 apud
896 838 926 896 te
949 835 1122 898 mandando
1146 840 1178 899 et
1204 855 1253 898 re-
1276 861 1288 901 s

135 937 245 1018 plendo
268 937 452 1015 uisitaueris,
482 955 578 1017 usque
607 937 639 998 in
669 937 909 999 centesimum
940 936 1098 1000 fructum
1127 938 1254 1020 profusa

137 1038 300 1119 aliquando
315 1039 440 1102 liberius
455 1038 595 1102 ubertate
610 1038 756 1120 proficiet.
780 1038 838 1101 Per
853 1042 884 1102 11
896 1039 1037 1102 dominus
1050 1039 1124 1103 deus
1137 1043 1251 1120 noster,

136 1159 188 1223 per
210 1144 251 1220 te,
274 1140 410 1221 inquam,
440 1141 530 1204 beate
551 1145 647 1221 pater,
675 1158 753 1221 quos
773 1141 936 1222 castigauit
957 1141 990 1203 in
1011 1141 1123 1224 gladio,
1147 1160 1252 1206 ernen-

137 1245 188 1306 det
209 1244 240 1306 in
264 1242 365 1306 uerbo.
405 1242 454 1306 Ad
476 1246 507 1306 to
528 1262 583 1324 per
605 1244 696 1306 deum
719 1244 831 1307 missus
855 1263 938 1317 sum,
970 1244 1006 1307 de
1036 1246 1066 1307 te
1095 1264 1151 1327 per
1181 1263 1250 1307 eum

137 1365 234 1427 spero,
246 1345 319 1407 dum
331 1345 485 1408 considero
498 1346 628 1426 qualiter
643 1349 746 1408 aetum
763 1349 810 1408 est
826 1347 904 1426 quod
919 1346 979 1408 hue
995 1346 1075 1408 ueni.
1096 1347 1250 1429 Agnosco,
1265 1373 1290 1412 ιο

137 1467 190 1511 our
215 1449 364 1511 uenerim:
396 1450 460 1511 sine
491 1449 658 1527 uoluntate,
688 1449 753 1510 sine
783 1449 974 1527 necessitate,
1006 1449 1069 1511 sine
1100 1466 1250 1512 consensu

137 1550 173 1613 de
203 1550 302 1631 patria
331 1568 472 1631 egressus
504 1568 581 1629 sum,
612 1551 731 1613 occulta
760 1551 892 1630 quadam
916 1551 945 1612 ui
972 1555 1069 1628 actus,
1100 1551 1198 1614 doneo
1218 1553 1250 1614 in

137 1653 224 1716 istius
254 1656 352 1714 terrae
375 1653 447 1715 litus
471 1653 591 1715 adlatus
619 1670 702 1725 sum,
732 1653 780 1745 hio
811 1653 934 1715 demum
965 1653 995 1714 in
1027 1671 1097 1715 eum
1126 1654 1251 1733 resipiui

137 1755 329 1817 intellectum
353 1754 432 1834 quod
454 1754 492 1817 ad
513 1757 543 1817 te
565 1755 668 1817 uenire
684 1754 860 1818 mandabar.
896 1754 1099 1836 Inpudentem
1123 1774 1184 1818 non
1204 1756 1250 1818 iu-

137 1858 229 1936 dices,
253 1857 279 1919 si
301 1857 413 1937 aeoipis
436 1857 641 1920 confitentem.
680 1857 740 1920 Fae
763 1877 812 1920 me
835 1857 878 1920 ad
900 1858 1045 1921 dileotam
1067 1857 1250 1920 dominam
1266 1885 1289 1920 ιτ,

137 1977 251 2022 meam
279 1959 423 2021 idoneum
452 1961 733 2040 negotiatorem,
762 1960 913 2023 inuenta
943 1961 1158 2041 margarita,
1189 1976 1250 2022 non

137 2063 301 2144 fugitiuum
317 2080 441 2124 seruum
456 2080 563 2124 euersa
578 2062 750 2125 substantia
765 2063 909 2125 reuerti.
939 2062 1103 2125 Dilae'erati
1125 2063 1249 2144 grauius

137 2185 155 2229 a
177 2165 347 2228 doctoribus
369 2165 471 2246 prauis
495 2183 586 2254 quam
609 2182 626 2226 a
648 2165 868 2228 cruentissimis
888 2165 1029 2228 hostibus
1045 2183 1162 2228 sumus.
1186 2163 1249 2228 Nos

136 2267 317 2331 'eonfitemur
339 2266 502 2329 offensam:
534 2271 567 2330 tu
589 2267 728 2347 peruides
750 2268 888 2349 plagam;
919 2268 998 2347 quod
1020 2268 1120 2330 solum
1144 2284 1250 2349 super-

138 2373 198 2433 est:
217 2369 385 2432 adiuuante
408 2369 530 2432 domino
545 2370 655 2451 largire
671 2370 868 2433 medicinam!
892 2370 1027 2432 Breuiter
1042 2387 1114 2452 ergo
1131 2373 1162 2432 et
1178 2370 1249 2449 quid
1263 2396 1288 2434 no

138 2476 208 2534 onte
232 2473 311 2534 male
333 2472 505 2551 plantatum
528 2472 682 2534 conualuit
704 2477 736 2534 et
766 2472 836 2551 quid
857 2475 965 2552 postea
986 2472 1074 2553 peius
1096 2471 1249 2535 insertum

137 2575 317 2657 praeualuit,
339 2574 506 2636 ostendam.

240 2803 530 2861 robertulum.
600 2806 670 2870 asq.
690 2802 722 2856 of.
740 2802 760 2856 Ι.
778 2803 836 2857 Cor.
854 2805 877 2866 3,
895 2807 918 2858 7.
988 2802 1190 2872 51111111,
1208 2808 1240 2860 17

138 2895 153 2942 o
171 2886 204 2940 of.
218 2887 310 2940 Matth.
327 2891 364 2950 13,
378 2890 393 2942 8
412 2893 438 2940 et
455 2889 494 2942 23.
560 2890 589 2942 11
610 2888 664 2940 siue
683 2887 734 2940 uol.
747 2904 768 2940 e.
782 2903 805 2956 q.
819 2888 852 2956 s]
870 2888 903 2942 of.
916 2888 960 2941 IV.
974 2889 1036 2956 Reg.
1053 2893 1090 2949 18,
1104 2891 1151 2950 21η
1168 2889 1249 2942 Hebr.

138 2976 161 3035 7,
179 2976 207 3034 3;
225 2973 267 3026 Ps.
285 2967 325 3036 54,
344 2977 383 3028 15.
436 2973 499 3027 Gen.
520 2975 558 3034 12,
576 2976 602 3035 l;
624 2973 682 3031 set.
700 2975 724 3036 3,
741 2976 764 3027 7.
819 2977 849 3028 15
868 2973 939 3026 11-
953 2974 1059 3042 reuerti]
1079 2973 1143 3027 Gen.
1163 2977 1202 3037 16,
1223 2979 1249 3030 9.

139 3061 171 3113 16
188 3061 272 3125 negot.
284 3086 316 3097 -
326 3058 420 3127 marg]
439 3058 533 3111 Matth.
547 3059 587 3121 13,
599 3060 640 3112 45.
652 3060 693 3112 46.
748 3062 777 3114 17
797 3075 886 3112 euersa
902 3059 933 3127 s]
953 3058 985 3112 of.
1000 3059 1063 3113 Gen.
1077 3062 1100 3120 7,
1114 3063 1138 3114 4.
1150 3061 1196 3121 23;
1214 3061 1248 3114 ul.

178 3254 368 3310 abestonum
386 3253 439 3309 Ba
490 3255 640 3322 ringratos
657 3254 722 3324 Aa]
741 3256 846 3308 uitiatos
864 3257 891 3309 B
942 3256 1071 3308 insincera
1088 3256 1192 3309 nubum
1208 3259 1247 3326 A]

137 3341 262 3393 insincere
281 3340 350 3392 culta
367 3339 421 3399 Bb
481 3340 565 3392 exibet
582 3343 609 3394 B
668 3341 724 3395 tsi
742 3341 851 3393 eandem
869 3357 937 3393 anuo
956 3341 1008 3393 ullo
1025 3330 1159 3394 reeorrdito
1177 3344 1246 3410 apuud

137 3425 267 3496 temnnd.
285 3429 312 3480 A
372 3425 1110 3500 1111111111111111111111101111111111111111111
1172 3427 1248 3483 ‘edita'

136 3512 164 3563 in
182 3511 288 3563 sincera.
298 3511 400 3564 cultura
418 3511 528 3573 exhibet,
551 3511 572 3564 si
596 3510 713 3564 eamdem
736 3527 803 3563 anno
822 3511 866 3563 illo
889 3511 1021 3564 recondito
1042 3512 1110 3579 opud
1129 3517 1155 3565 te
1173 3528 1248 3565 mun·

137 3595 234 3657 daudo;
261 3598 425 3667 castigantur
449 3599 567 3652 subsidio
596 3615 641 3650 aas.
670 3597 877 3671 Sipirarrrrrercsis
907 3597 963 3662 (seu
990 3597 1017 3651 S.
1043 3597 1204 3666 coporeum]
1232 3600 1247 3652 b

137 3681 315 3748 6111113,-
354 3681 493 3735 'Iliberius
512 3681 576 3748 Aa]
595 3681 699 3733 uberius
716 3683 743 3735 B
806 3683 886 3746 step.
905 3680 1071 3734 beatissime?
1136 3685 1168 3738 10
1185 3685 1247 3737 ueui

136 3765 368 3834 AB]ueuirern51)
421 3767 542 3834 agnosco]
562 3782 671 3833 agnosse
688 3769 748 3821 onai
776 3768 847 3822 Sam.
861 3769 968 3821 Bennett
1022 3771 1049 3822 11
1070 3767 1128 3837 eurr]
1141 3784 1208 3836 quur
1221 3773 1247 3824 A

139 3855 169 3906 13
179 3851 280 3904 adlatus
290 3852 327 3919 A]
339 3851 441 3904 ablutus
450 3855 484 3918 B,
493 3853 567 3904 littus
578 3850 707 3906 allatusb
760 3853 864 3920 resipiui
875 3853 912 3921 A]
923 3854 1018 3920 resipui
1027 3852 1079 3908 BQ
1134 3859 1164 3909 15
1172 3855 1248 3909 ‘ed-irc

136 3936 260 3989 dilectum
280 3937 413 3989 dominum
432 3953 526 3997 meum,
544 3942 573 3989 ot
590 3954 654 3990 ortas:
673 3936 792 3990 dilectam
811 3939 942 3991 dominam
957 3956 1048 4000 meurs»,
1062 3941 1246 4008 1111111111-

137 4038 207 4105 11111,
225 4041 261 4093 aet
283 4041 474 4108 penetrarent
492 4038 572 4107 cupit'
591 4039 605 4092 1
670 4043 700 4095 18
717 4032 899 4092 ‘ruentissimis
917 4044 943 4094 A
957 4060 1030 4094 soron.
1044 4047 1067 4107 1,
1087 4041 1246 4101 cruentissi-

136 4124 185 4176 nris
197 4126 224 4177 B
268 4128 299 4178 19
316 4123 426 4191 plagam
439 4125 504 4192 (emt
515 4124 629 4192 plagam]
642 4127 668 4178 A
712 4125 1073 4194 aspreualnit13;cf.sopro
1083 4128 1154 4194 adp.
1164 4131 1247 4191 maa
