2812 4634
201 262 243 329 16
654 279 857 335 ermenricus

204 436 436 519 depraehendat,
458 438 530 518 quid
552 437 590 500 ad
612 437 823 501 distrucndum
845 453 928 520 opus
943 436 1049 500 mnndi
1071 437 1219 519 castigato
1244 453 1311 502 cor·

203 556 274 620 pore
304 539 336 603 in
355 552 478 603 ‘erucem
507 539 560 622 figi
581 537 754 622 (oporteat),
777 537 850 619 quid
878 537 1100 602 inmaculatum
1128 538 1169 602 in
1191 557 1224 601 se
1253 539 1310 602 deo

204 641 306 720 tribui,
330 642 411 722 qnid,
427 643 497 723 quio
512 642 675 705 diuinum
693 640 837 704 habitat
858 640 894 703 in
917 639 1030 720 nobis,
1053 639 1230 723 inpassibile
1246 658 1313 705 ser-

204 746 279 822 uari,
302 749 345 822 ut,
369 745 446 807 sicot
462 744 709 825 supradiximus,
732 760 855 824 corpore
871 743 974 805 anima
996 746 1027 805 et
1049 743 1157 823 spiritu
1178 742 1308 806 triformi

204 845 235 909 in
258 846 313 910 deo
344 865 433 928 opere
456 847 580 928 perlecti
610 846 819 925 adinpleemus
842 844 922 925 quod
952 843 1099 907 scribtum
1122 848 1168 909 est
1190 845 1310 909 dicente
1335 863 1349 900 ⁸

120 956 181 1010 ⁴102
204 948 313 1018 Paulo:
337 949 431 1012 sicut
446 947 665 1011 exhibuistis
681 947 840 1010 membro
862 951 987 1010 uestra
1001 944 1330 1031 seruireinllmung

205 1050 321 1114 ditiae·
333 1051 375 1113 ad
389 1050 634 1131 iniquitatem,
649 1049 701 1112 ita
716 1066 809 1112 nunc
824 1048 996 1112 exhibete
1011 1048 1171 1112 membra
1185 1052 1312 1113 uestra
1338 1057 1340 1060 ’

206 1154 343 1216 seruire
365 1153 530 1217 iustitiae
552 1152 587 1216 in
610 1151 957 1230 sanctificationem,
980 1152 1150 1233 quoniam
1172 1152 1311 1234 stipen-

206 1256 262 1320 dia
291 1255 430 1338 peccati
461 1273 555 1318 mors
579 1258 644 1333 est,
673 1254 792 1336 gratia
820 1257 938 1316 autem
970 1253 1025 1317 dei
1054 1254 1131 1317 uita
1160 1257 1312 1320 aeterua

205 1359 241 1422 in
264 1356 406 1422 (lhristo
429 1358 511 1421 Iesu
534 1357 679 1421 domiuo,
699 1360 832 1420 nostro.
1325 1371 1351 1410 ιο

161 1529 166 1538 ,
247 1460 286 1524 m
313 1461 379 1524 ideo
408 1461 560 1524 intuentes
583 1460 612 1522 in
636 1458 722 1523 uobis
744 1459 855 1537 omnia,
884 1459 1024 1539 quamuis
1054 1459 1311 1542 dispensationem

184 1621 187 1625 ,
206 1562 406 1626 mundialium
434 1580 536 1625 rerum
558 1562 702 1625 altemtro
724 1564 851 1623 naturae
881 1578 953 1623 suae
976 1564 1062 1626 motu
1084 1561 1218 1643 speciose
1240 1579 1312 1625 con·

206 1664 328 1727 1111111
347 1665 489 1746 operatio,
511 1667 625 1743 tamen,
648 1662 719 1745 quia
733 1663 825 1726 totius
845 1664 999 1725 creaturae
1014 1681 1138 1725 sensum
1152 1662 1243 1745 longe
1257 1682 1313 1727 ne·

207 1784 289 1829 cesse
312 1769 359 1829 est
380 1766 418 1830 ad
439 1765 567 1849 gloriam
588 1765 749 1847 praecedat
770 1768 918 1845 operator,
941 1765 1048 1828 scitote
1070 1765 1141 1845 quia
1162 1764 1238 1828 nihil
1257 1762 1310 1851 int

206 1869 379 1932 huiusmodi
400 1886 454 1950 pro
476 1887 509 1931 se
531 1868 605 1931 deus
621 1867 731 1950 aeguit,
748 1867 810 1945 sed,
827 1867 897 1947 quia
910 1867 1054 1930 homine
1069 1867 1218 1949 decepto
1234 1868 1313 1932 diui·
1327 1881 1353 1920 ¹⁵

96 1997 102 2008 Ι
207 1988 315 2034 111111
327 1988 451 2052 operum
464 1970 634 2052 simplicem
649 1970 875 2051 dispositionem
890 1969 955 2033 loco
970 1974 1106 2051 ternpore
1122 1986 1248 2032 numero
1263 1969 1314 2033 die

207 2091 312 2135 mense
331 2073 445 2135 ratione
468 2073 597 2135 diuisam
620 2072 815 2135 daemoniaca
829 2070 978 2134 idolorum
999 2074 1107 2134 natura
1126 2072 1313 2152 contuderat,

208 2174 472 2237 dumincertomm
484 2175 608 2238 deorum
619 2173 958 2244 familiasintroducens
969 2173 1314 2238 incommunicabile

209 2276 266 2341 dei
287 2294 415 2342 nomen
431 2277 536 2340 diebus
550 2276 707 2340 mensibus
723 2276 881 2358 pecoribus
897 2275 1069 2356 uolneribus
1084 2275 1198 2358 lignis
1214 2278 1250 2339 et
1263 2277 1314 2338 la-

208 2378 352 2462 pidibus
374 2379 519 2442 adscribit
541 2383 690 2459 eratque
712 2379 773 2442 tale
795 2377 865 2442 fidei
886 2377 1032 2456 bellum,
1054 2380 1089 2441 ut
1110 2377 1215 2441 relicto
1234 2379 1314 2441 tanti
1328 2401 1354 2439 11

128 2485 186 2541 101
209 2481 343 2544 muneris
359 2481 413 2544 deo
428 2498 584 2563 corporeas
600 2482 754 2544 creaturae
769 2479 1046 2564 conspicabilesque
1057 2480 1170 2544 formas
1182 2480 1213 2542 in
1225 2475 1316 2564 aelle-

210 2584 319 2646 meutis
334 2584 461 2656 terrenis
478 2588 508 2646 et
522 2583 703 2647 caelestibus
718 2584 887 2663 adorarent,
910 2582 1026 2657 dicente
1042 2582 1078 2645 de
1099 2582 1148 2645 his
1163 2582 1313 2664 apostolo:

211 2689 437 2749 euanuerunt
450 2686 485 2748 in
501 2684 785 2767 cogitationibus
806 2684 880 2748 suis
896 2687 931 2748 et
946 2683 1178 2748 obscuratum
1194 2689 1249 2747 est
1262 2685 1315 2748 in-

211 2787 347 2868 sipiens
370 2805 564 2850 cereorum
581 2786 1314 2869 etcommutaueruntgloriamincorrup-

210 2888 329 2952 tibilis
352 2889 408 2952 dei
430 2889 466 2952 in
488 2889 770 2952 similitudinem
788 2890 958 2972 imaginis
982 2887 1233 2970 corruptibilis
1255 2889 1314 2953 ho·
1329 2911 1354 2950 25

211 2990 318 3054 minis
335 2994 369 3053 et
384 2992 571 3055 uolucrum
586 2996 620 3055 et
635 2992 895 3073 quadripedum
911 2997 945 3055 et
960 2992 1194 3074 serpentium,
1209 3009 1316 3055 ncces-

212 3093 289 3156 11111
320 3093 393 3156 deus
423 3098 525 3157 noster
553 3095 711 3176 religiosae
734 3095 901 3157 sententiae
924 3095 1048 3158 modum
1070 3097 1254 3175 temperans,
1280 3100 1317 3159 ut

313 3217 787 3282 311.111111.8,9;ΙΙ.’11111.11411.
858 3219 1108 3283 cleombroto.
1164 3219 1197 3271 ad
1216 3222 1316 3276 15-20

212 3302 245 3356 ci.
258 3302 317 3372 Sap.
331 3307 369 3365 14,
383 3307 422 3357 21,
435 3307 474 3358 22.
544 3307 577 3358 23
589 3304 662 3357 Rom.
678 3307 699 3366 l,
712 3307 752 3358 21.
765 3307 804 3358 23.

313 3415 344 3467 27
367 3414 500 3480 Hilarius,
522 3415 554 3468 de
575 3415 637 3468 trin.
661 3415 703 3468 bb.
722 3415 783 3482 1,.1.
800 3419 847 3468 20:
868 3414 905 3467 ita
927 3417 1007 3468 totius
1025 3415 1108 3483 operis
1125 3413 1232 3469 medum
1249 3418 1318 3469 tern-

212 3497 370 3566 perauimum
389 3499 498 3551 arduum
515 3498 564 3551 hoc
581 3497 772 3565 intellegentiae
791 3498 840 3551 iter·
858 3498 924 3552 cliuo
942 3499 1016 3567 quasi
1033 3499 1318 3564 mollioreleniuimus;

214 3580 246 3636 ol.
264 3583 333 3636 infra
350 3599 374 3650 p.
389 3586 480 3645 1119.

258 3704 269 3756 1
291 3692 584 3789 depptljbfibfitxtbbt
661 3707 677 3759 2
696 3713 862 3786 οροκῐΕΑῐ
875 3703 1029 3781 deest;·post
1049 3687 1115 3784 piei
1126 3721 1216 3758 uersus
1227 3705 1321 3760 finitur

215 3860 231 3912 9
247 3816 437 3934 Decm'b'ffl
454 3857 490 3921 (11
508 3856 559 3921 ta)
580 3856 625 3910 lin.
648 3860 675 3910 et
695 3860 791 3924 puncto
814 3856 871 3921 del..
890 3858 1020 3921 occult
1094 3861 1124 3913 12
1143 3842 1316 3920 coadunent

217 3967 305 4082 beria,
320 4019 355 4066 11
369 4008 404 4074 (in
419 4000 506 4069 beon
519 4024 567 4060 ras.
580 4008 628 4062 del.
687 4011 718 4065 11
736 4014 791 4063 erat
807 4020 968 4071 moenere
1035 4015 1068 4067 13
1087 3972 1322 4073 condecores

216 4113 249 4164 11
269 4104 566 4192 rrocounupncdrs
638 4113 671 4166 11
690 4102 776 4172 deos
794 4113 892 4181 scripsi,
911 4112 965 4165 eod.
986 4104 1102 4192 1111.
1121 4129 1200 4182 supra
1217 4118 1287 4180 613
