2812 4634
566 722 948 840 sciscitamur

228 1030 231 1033 .
346 966 477 1050 amun
501 965 560 1048 oa
584 965 689 1048 urna
714 966 770 1049 m
795 966 854 1049 ou
880 967 1164 1052 mecumms.

53 1174 194 1308 mprgl'
246 1279 400 1297 .......
417 1230 551 1306 damnet,
580 1227 725 1308 quoniam
754 1227 876 1291 nouitas
901 1228 1017 1311 ingenii
1039 1230 1242 1295 contentionis
1267 1236 1317 1296 est

202 1339 310 1413 mater,
333 1332 462 1397 eruditio
485 1329 621 1394 scandali
641 1332 756 1406 auctor,
779 1329 954 1393 schismatis
977 1330 1168 1412 alimentum,
1195 1333 1315 1398 heresis

201 1436 434 1513 nutrimentum,
464 1432 567 1496 delicti
594 1430 693 1494 forma
719 1433 847 1512 peccati.
886 1431 984 1496 Omne
1011 1434 1093 1497 euim
1115 1435 1196 1515 quod
1218 1441 1273 1499 aut
1297 1454 1343 1500 as

201 1540 257 1604 deo
287 1542 340 1602 aut
368 1535 407 1600 ab
430 1535 575 1618 apostolis
597 1534 713 1596 dictum
735 1533 856 1597 uidetur
879 1539 933 1598 aut
959 1535 1076 1599 iactum
1098 1537 1148 1600 uel
1169 1541 1203 1600 ut
1225 1537 1315 1603 fieret

201 1639 414 1724 adprobatum,
435 1638 493 1701 hec
515 1642 562 1701 est
583 1638 620 1700 de
642 1653 701 1717 que
725 1637 873 1700 scribtum
893 1641 954 1702 est:
978 1642 1034 1702 est
1056 1641 1203 1703 estnon
1226 1659 1313 1716 non;

201 1744 281 1826 quod
310 1745 414 1805 autem
443 1758 478 1803 ex
508 1756 586 1803 nouo
616 1739 747 1822 ingeniis
778 1743 809 1803 et
837 1740 999 1803 calumniis
1028 1742 1208 1823 repperitur,
1238 1743 1314 1807 hinc

200 1843 412 1910 testimonium
433 1842 555 1905 diuinae
576 1841 700 1905 uirtutis
720 1841 890 1905 ostenditur
906 1842 1050 1906 dicentis:
1074 1844 1166 1924 quod
1188 1863 1313 1927 supcr-

200 1946 362 2011 abundat
390 1963 430 2007 ex
459 1944 552 2007 malo
581 1946 645 2031 ost.
682 1943 849 2008 Uideamus
876 1962 958 2026 ergo,
988 1945 1015 2008 si
1043 1945 1173 2027 apostoli
1195 1945 1313 2027 Christi
1328 1971 1355 2011 ro

199 2049 270 2114 Iesu
299 2048 440 2132 magistri
468 2051 590 2110 nostrae
619 2047 858 2110 conuersationis
881 2052 912 2111 et
940 2048 1023 2111 uitae
1052 2053 1136 2113 extra
1161 2067 1312 2116 canonem

199 2153 242 2215 nil
264 2152 413 2235 legerunt.
433 2149 437 2229 Ι
456 2149 512 2216 Ait
533 2149 609 2213 Iuda
631 2148 785 2231 apostolus
807 2150 944 2213 clamans
959 2151 1012 2213 ille
1027 2150 1167 2233 didymus
1183 2154 1311 2235 domini,

197 2255 248 2318 illc
278 2254 331 2335 qui
359 2253 451 2316 deum
473 2251 630 2317 Christum
659 2254 729 2334 post
757 2252 909 2333 passionis
935 2253 1069 2336 insignia
1090 2271 1161 2317 oum
1182 2260 1312 2338 putatur

197 2360 365 2438 temptasse
393 2357 462 2437 plus
492 2354 629 2432 credidit,
658 2355 709 2417 ille
739 2355 791 2435 qui
820 2354 1013 2418 uinculorum
1042 2374 1148 2438 pressa
1176 2359 1312 2441 uestigia

197 2462 228 2522 ct
250 2459 371 2522 diuinae
393 2457 491 2520 crucis
512 2456 618 2520 laudes
641 2460 671 2519 et
693 2456 771 2518 uidit
794 2459 824 2520 et
853 2456 969 2539 tetigit:
999 2458 1236 2541 prophotauit
1267 2463 1310 2525 de
1325 2482 1352 2522 rs

196 2560 268 2640 his,
291 2559 407 2641 inquid,
430 2559 609 2640 septimus
632 2557 674 2622 ab
690 2557 805 2622 Adam
826 2559 921 2622 Enoc
944 2560 1069 2624 dicens
1098 2563 1189 2625 ‘cccc
1204 2564 1311 2628 uenit

197 2662 363 2726 dominus
385 2660 422 2724 in
441 2661 584 2724 'sanctis
608 2659 757 2724 milibus
773 2661 894 2724 iacere
909 2661 1087 2727 iudicium
1103 2666 1138 2727 et
1153 2681 1311 2747 arguere

195 2783 335 2828 omnem
362 2767 397 2826 et
426 2764 468 2827 de
490 2760 658 2826 omnibus
681 2763 781 2825 duris
814 2781 903 2843 quae
926 2765 1041 2827 locuti
1066 2769 1152 2830 sunt
1180 2771 1311 2833 contra

195 2885 274 2929 cum
300 2867 531 2948 peccatores?
568 2863 641 2944 Quis
664 2868 711 2928 est
739 2865 789 2928 hic
811 2865 894 2929 Enoc
923 2884 1014 2947 quem
1035 2867 1068 2930 in
1094 2869 1310 2934 testimouium

194 2970 342 3051 profetiae
370 2968 525 3050 apostolus
547 2966 639 3030 Iudas
668 2967 860 3049 adsumpsit?
896 2966 946 3032 An
976 2970 1028 3050 qui
1057 2971 1242 3053 profetasset
1269 2974 1307 3036 de
1322 2993 1349 3033 eo

296 3124 311 3176 7
328 3121 423 3174 Matth.
436 3124 459 3183 5,
473 3123 517 3182 37;
536 3117 568 3172 ci.
588 3119 657 3171 infra
673 3119 831 3172 Priscilliani
849 3135 973 3174 canonem
991 3122 1012 3175 Ι.
1086 3125 1103 3177 9
1119 3122 1213 3176 Marti.
1227 3129 1251 3188 5,
1264 3129 1305 3180 37.

195 3210 227 3263 15
244 3223 283 3275 ep.
296 3205 376 3259 Iudas
395 3208 434 3266 14,
449 3209 499 3259 15.Ἰ

295 3362 326 3414 19
336 3360 500 3428 Hieronym„
513 3360 544 3413 dc
556 3357 1005 3414 circio4:111dusfracerleooci
1017 3360 1240 3429 [‘froterdom1ni'
1252 3364 1306 3434 legi

191 3445 220 3498 in
231 3443 345 3512 antiquis
357 3442 490 3497 codicibus
501 3444 687 3497 animaduertit
699 3444 841 3507 Uictorius;
853 3444 885 3497 cf.
899 3446 1080 3516 Hcpcsipprmo
1095 3463 1135 3516 ap.
1148 3450 1305 3521 Bacchium

191 3532 250 3584 hist.
269 3531 327 3583 cccl.
347 3531 403 3597 HI,
416 3533 449 3582 19
461 3536 485 3583 et
495 3527 545 3598 20]
559 3572 564 3583 .
579 3572 583 3581 .
598 3571 603 3583 .
617 3529 648 3582 dc
665 3528 732 3582 libro
750 3529 858 3583 Enoch.
873 3571 878 3583 .
893 3573 897 3582 .
911 3532 1022 3585 assumit
1044 3533 1231 3588 testimonium.
1262 3536 1303 3591 Cf.

142 3674 148 3683 ,
193 3617 309 3682 Terruit,
327 3615 358 3668 de
376 3616 598 3683 culrosensis.

232 3770 248 3822 2
258 3766 318 3820 Uid.
328 3766 542 3835 subscriptionem
551 3771 678 3820 tractatus
687 3768 722 3829 II,
735 3768 779 3822 ubi
789 3769 861 3822 deest
869 3751 933 3833 ’6ῖῖ
945 3771 1031 3839 agitur
1040 3788 1101 3826 ucro
1110 3773 1203 3829 mutilo
1212 3779 1303 3829 nostro

189 3851 278 3905 libello
290 3852 321 3904 de
334 3852 486 3920 apocryphis
499 3854 582 3920 magis
600 3869 678 3920 quam
697 3854 728 3906 de
745 3854 804 3923 fids,
823 3856 883 3922 quia
901 3861 960 3909 anto
972 3856 1016 3910 iol.
1030 3860 1063 3912 56
1075 3858 1208 3926 complura
1219 3859 1302 3914 inter·

189 3953 310 4006 ciderunt
326 3953 389 4016 (uid.
407 3953 488 4022 praef.
507 3971 561 4023 cap.
579 3955 617 4021 ΙΙ)
713 3958 743 4011 17
762 3955 841 4018 uerba
861 3968 903 4014 ΙΝ
925 3966 1301 4021 sumtus—omrem)

1169 4099 1203 4109 ..
1244 4053 1299 4123 bb.

189 4106 282 4158 nurui
301 4107 328 4158 in
350 4108 466 4174 margine
489 4108 611 4160 inferiore
627 4109 725 4176 posuit;
747 4111 775 4161 in
797 4113 868 4163 textu
886 4115 926 4164 est
946 4111 994 4164 hoc
1012 4113 1129 4181 signum:
1148 4104 1235 4174 hros-
1255 4127 1292 4178 εῐ
