2812 4634
194 280 236 345 20
645 292 850 348 Priscilliani

194 451 272 515 eius
291 452 424 532 quiost
444 451 486 514 de
500 449 616 528 caelo,
632 452 663 512 et
678 450 903 530 deponentes
926 448 1126 512 secuudum
1146 448 1304 530 priorem

193 553 514 617 conuersationem
528 555 691 615 ueterem
707 550 901 629 hominem,
913 551 974 632 qui
990 549 1237 631 corrumpitur
1253 568 1305 614 se·

193 655 348 718 cundum
370 654 555 717 desideria
576 653 725 731 errorm,
751 670 970 715 renouemur
992 653 1028 715 in
1051 651 1185 733 spiritu
1208 670 1304 716 men-

193 757 243 821 tis
265 760 413 819 nostrae
435 756 629 818 induentes
652 772 784 818 nouum
805 754 999 832 hominem,
1021 754 1083 834 qui
1106 754 1304 817 secundum
1343 839 1345 844 Ι

193 859 299 922 deum
320 861 465 921 creatus
481 860 537 920 est
558 857 595 920 in
610 857 813 920 sanctitate
836 859 871 919 et
886 857 1037 921 iustitia
1058 859 1094 919 et
1108 856 1279 920 ueritate.
1297 866 1333 940 jo

193 959 312 1024 Scimus
335 960 417 1023 euim
445 963 476 1022 et
501 960 643 1023 nouimus
670 959 815 1039 quoniam
844 958 901 1020 dei
931 959 1152 1040 figmentum
1178 976 1303 1022 sumus

192 1062 229 1125 in
251 1059 422 1143 operibus
444 1059 561 1139 bonis,
584 1078 674 1141 quae
696 1061 937 1142 praeparauit
959 1060 1056 1140 deus,
1085 1064 1124 1123 ut
1144 1059 1203 1143 (in)
1224 1060 1302 1123 illis

194 1158 437 1236 ambulemus;
460 1163 540 1227 sicut
560 1165 592 1226 ct
612 1162 736 1243 Moyses
756 1162 812 1225 ait:
835 1163 927 1225 fecit
948 1163 1035 1226 deus
1058 1162 1238 1226 hominem
1261 1163 1303 1225 ad

193 1266 390 1348 imaginem
426 1268 462 1328 et
499 1265 785 1327 similitudinem
822 1282 925 1327 snam
961 1266 996 1327 et
1031 1263 1231 1346 inspirauit
1267 1264 1303 1327 iu

193 1367 326 1431 faciem
352 1367 430 1430 eius
457 1365 765 1448 inspiramcntum
787 1366 888 1429 uitae
916 1369 951 1428 et
972 1365 1094 1430 factus
1121 1369 1178 1430 est
1199 1364 1303 1430 homo
1318 1383 1347 1421 ro

194 1471 230 1533 in
245 1469 403 1541 animam
421 1468 555 1546 uiuam,
578 1470 609 1531 et
623 1468 737 1531 scimus
753 1469 898 1548 quoniam
912 1468 1022 1547 Euua,
1045 1487 1136 1549 qnae
1151 1469 1305 1532 seducta

194 1574 300 1635 estet
318 1571 416 1634 facta
432 1573 488 1633 est
503 1570 536 1634 in
549 1570 885 1652 praeuaricatione,
907 1569 1115 1634 saluabitur
1128 1589 1191 1654 por
1206 1570 1303 1634 filio·

193 1691 270 1736 rum
289 1672 560 1755 procreatione,
583 1671 614 1734 si
628 1671 875 1752 permanserit
888 1672 925 1735 in
946 1671 1022 1734 fide
1037 1677 1069 1735 et
1082 1689 1302 1755 recognoscens

194 1774 274 1855 quod
293 1792 329 1835 ex
350 1774 415 1836 uiro
438 1791 493 1837 suo
513 1776 637 1855 sumpta
658 1777 715 1851 est,
738 1776 769 1836 et
790 1773 939 1855 pariens
961 1773 1064 1837 filios
1086 1774 1122 1837 iu
1144 1774 1303 1838 tristi-tia

135 1887 173 1939 24
195 1877 238 1940 ad
259 1875 378 1938 uirum
400 1876 476 1938 eius
504 1875 575 1938 orit
596 1870 800 1958 contiuersio
827 1875 946 1949 illius;
976 1874 1055 1938 sicut
1081 1873 1229 1939 scribtum
1254 1880 1345 1939 esra

194 1978 226 2042 in
240 1978 372 2058 profeta:
394 1980 541 2058 propter
556 1976 622 2040 hoo
641 1994 723 2040 ecco
744 1994 822 2058 ego,
845 1976 936 2040 dicit
956 1976 1136 2056 dominus,
1160 1977 1303 2041 conclu-

195 2079 274 2143 dam
296 2079 393 2142 uiam
416 2079 546 2142 matris
568 2082 714 2141 uestrae
744 2076 897 2141 sudibus
931 2081 968 2140 et
997 2096 1067 2142 uon
1096 2077 1303 2142 aedificabo

194 2182 266 2245 iter
293 2181 371 2244 eius
398 2184 433 2243 et
459 2180 611 2244 semitas
638 2197 724 2243 suas
751 2197 820 2243 uon
846 2180 1030 2253 inueniet3
1060 2185 1303 2262 persequetur

194 2288 376 2346 amatores
403 2285 546 2368 suaset
572 2299 641 2345 non
669 2281 940 2363 conprehendct
966 2299 1026 2345 eos
1054 2284 1089 2344 et
1114 2282 1211 2346 dicet
1233 2281 1301 2346 ‘ibo

141 2384 143 2390 ’
194 2386 408 2448 etreuertar
430 2384 472 2447 ad
493 2384 612 2447 uirum
633 2401 750 2446 meum
771 2384 929 2465 priorem
951 2383 1035 2464 quia
1056 2383 1188 2447 molins
1210 2385 1344 2448 mihim

194 2489 281 2549 tunc
303 2489 381 2550 erat
401 2503 507 2566 quam
528 2485 649 2548 modo'.
679 2485 717 2548 In
742 2502 802 2566 qno
824 2503 879 2548 nos
901 2485 1125 2568 intellegent-os,
1150 2484 1299 2550 liberati

195 2587 274 2649 sicut
296 2586 445 2651 scribtum
467 2589 514 2650 est
536 2585 579 2649 ab
607 2591 710 2651 utero
736 2586 864 2650 matris
890 2590 1038 2650 nostrae
1064 2605 1128 2650 nec
1155 2588 1301 2669 adquie-

195 2691 340 2753 scentes
361 2688 462 2752 carni
487 2691 523 2752 et
549 2689 731 2776 sangnini,
758 2686 950 2752 elaboramus
972 2692 1004 2752 et
1032 2689 1129 2752 sicut
1157 2708 1301 2754 eramus

195 2791 294 2854 serui
315 2791 459 2872 peccati
480 2791 517 2854 in
538 2794 704 2868 mortem,
726 2791 779 2854 ita
800 2791 899 2854 serui
920 2790 1089 2854 iustitiae
1112 2809 1235 2855 sumus
1258 2794 1300 2858 ad

195 2891 572 2975 iustitiam,1scieutes
601 2893 673 2974 quia
702 2893 774 2956 etsi
801 2892 831 2956 is
860 2893 922 2974 qui
947 2911 966 2956 a
990 2893 1082 2957 foris
1112 2896 1167 2956 est
1195 2895 1342 2958 homor·

196 2999 320 3058 noster
349 2993 610 3076 corrumpitur,
640 2995 700 3058 sed
731 2995 792 3075 qni
820 2995 921 3058 intus
951 2998 1008 3058 ost
1035 2999 1233 3059 renouatur
1259 3001 1300 3075 et,

296 3234 310 3287 1
329 3230 495 3301 deponentes]
506 3231 572 3300 npu.
590 3237 615 3293 4,
626 3233 735 3287 22ω24.
798 3234 814 3286 6
830 3232 897 3300 npn.
914 3235 939 3295 2,
958 3234 1001 3294 10;
1019 3232 1233 3300 praepositionem
1253 3244 1297 3290 tar

195 3332 266 3370 mero
287 3333 372 3371 errore
389 3333 405 3370 a
420 3317 526 3371 librario
547 3318 670 3371 omissam
691 3332 746 3370 esec
766 3319 842 3385 puto;
864 3315 897 3372 ci.
915 3317 985 3371 iufra
1004 3316 1099 3370 codicis
1116 3315 1160 3370 iol.
1180 3319 1236 3379 145,
1253 3299 1309 3369 urbi⁴

197 3413 240 3459 ue
262 3395 330 3462 dtas
351 3401 454 3470 repen.
522 3401 620 3458 seen.
640 3405 662 3465 1,
674 3404 720 3464 aa
736 3404 760 3464 a,
774 3404 797 3456 a.
868 3405 896 3457 11
915 3400 1302 3463 1.uiu.2‚14.1s;or.ima

193 3485 274 3541 Prisc.
298 3503 353 3542 ean.
374 3487 456 3541 LVII.
558 3486 724 3549 14Gcn.3,
750 3489 787 3540 16.
874 3489 905 3542 16
928 3486 990 3540 Hos.
1012 3489 1036 3548 2,
1059 3489 1083 3541 6.
1106 3490 1129 3541 7.
1214 3488 1247 3541 22
1265 3486 1300 3538 cf.

195 3571 252 3641 Gal.
272 3575 294 3634 1,
314 3576 352 3628 15.
372 3575 411 3628 lo.
479 3574 512 3628 23
530 3570 608 3640 sicut]
626 3570 659 3624 cf.
677 3572 752 3625 Rom.
769 3574 793 3633 6,
814 3573 852 3627 16.
872 3574 910 3628 18.
979 3570 1065 3626 2511.
1084 3570 1141 3626 Cor.
1158 3573 1183 3633 4,
1202 3572 1242 3626 16.

239 3812 270 3866 13
296 3794 572 3893 pkocnea'ttoroe]
598 3809 629 3862 de
647 3825 767 3878 oppressa
789 3809 816 3861 in
833 3808 884 3861 fine
905 3806 1091 3891 uocabulorum
1106 3808 1136 3862 11
1155 3807 1244 3862 littera
1266 3807 1299 3862 ci.

195 3963 417 4031 superaddas.
488 3966 519 4019 14
537 3920 761 4042 redituras
846 3963 877 4016 21
898 3969 1131 4039 rmqoaeroos,
1155 3975 1185 4012 ex
1203 3968 1299 4040 qnae

195 4115 303 4168 current
321 4124 390 4196 quo
408 4131 476 4169 man.
494 4114 509 4168 1
576 4117 609 4169 23
628 4073 1034 4184 samcurmertanonamus
