2812 4634
582 289 875 356 Commonitorium.
1039 353 1040 357 Ἰ
1224 273 1284 338 153

206 447 240 512 2.
264 448 474 511 Priscillianus
497 438 631 529 primum
653 449 685 510 in
708 464 742 510 eo
764 446 953 510 Manichaeis
976 445 1124 524 miserior,
1148 445 1227 525 quod
1248 465 1284 509 ex
1389 503 1390 506 ,

156 552 266 615 ueteri
290 568 407 631 quoque
429 554 613 613 testamento
629 549 781 612 haeresim
796 548 998 628 confirmauit,
1021 548 1133 613 docens
1149 548 1283 612 animam

155 672 248 736 quae
277 672 296 717 a
325 654 379 717 deo
402 656 474 716 nata
497 653 537 716 sit
559 653 596 715 de
619 653 751 733 quodam
777 651 984 733 promptuario
1013 651 1184 732 procedere,
1214 668 1283 732 pro-

152 757 248 821 fiteri
267 759 338 820 ante
361 756 451 818 deum
475 774 508 818 se
529 760 734 836 pugnaturam
758 759 788 818 et
809 755 918 839 instrui
941 754 1068 817 adoratu
1090 753 1281 835 angelorum:
1310 747 1312 749 ’
1360 838 1362 841 ¹

117 881 138 921 s
152 861 278 926 dehinc
300 858 535 922 descendentem
555 877 610 938 per
627 858 775 938 quosdam
791 857 919 921 circulos
943 875 961 920 a
981 856 1201 938 principatibus
1217 873 1283 918 ma-

152 963 260 1047 lignis
284 962 350 1043 capi
373 964 404 1025 et
425 961 594 1024 seeundum
615 960 807 1025 uoluntatem
829 961 955 1023 uictoris
984 960 1129 1041 principis
1158 959 1190 1021 in
1218 974 1283 1021 cor·

153 1066 243 1148 pora
265 1064 387 1127 diuersa
408 1063 548 1149 contrudi
571 1063 674 1143 eisque
697 1062 827 1126 adscribi
850 1062 1097 1144 chirographum.
1141 1059 1229 1125 Unde
1252 1064 1283 1123 et
1387 1087 1388 1092 ¹

155 1167 335 1232 mathesim
343 1166 519 1248 praeualere
528 1164 681 1244 firmabat,
695 1166 839 1229 adserens
852 1165 991 1253 quiahoc
1002 1163 1282 1245 chirographum

156 1269 326 1335 soluerit
348 1267 487 1332 Christus
517 1271 548 1331 et
577 1268 751 1331 adfixerit
780 1269 877 1331 cruci
905 1287 961 1350 per
985 1267 1159 1349 passionem
1182 1283 1281 1344 auam,

107 1392 140 1433 ro
157 1373 335 1452 sicutipse
356 1370 565 1434 Priscillianus
587 1370 620 1434 in
643 1371 775 1451 quadam
798 1371 929 1453 epistula
951 1381 1007 1434 sua
1028 1369 1115 1438 dicit:

252 1468 338 1537 Haec
351 1532 353 1538 ,
366 1474 466 1555 prima
496 1473 644 1555 sapientia
674 1473 774 1536 estin
798 1472 977 1537 ‚animarum
999 1473 1080 1554 typis
1108 1472 1280 1561 diuinarum

208 1578 362 1640 uirtutum
390 1576 568 1658 intellegere
599 1581 723 1638 natmas
753 1580 784 1639 ct
812 1575 944 1656 corporis
974 1575 1219 1657 dispositionem,
1249 1573 1281 1634 in

212 1697 273 1760 qua
294 1677 463 1759 obligatum
485 1677 604 1740 caelum
626 1678 747 1742 uidetur
769 1682 801 1742 et
814 1680 897 1741 terra
911 1696 1078 1758 omnesque
1092 1677 1281 1759 principatus

211 1780 325 1845 saeculi
351 1781 492 1843 uidentur
519 1780 671 1854 adstricti;
699 1784 875 1844 sanctorum
900 1799 973 1844 uero
995 1780 1208 1862 dispositiones
1231 1796 1281 1841 su-

210 1902 326 1966 perare.
363 1881 444 1946 Nam
477 1883 611 1965 primum
644 1882 792 1946 circulum
822 1886 853 1946 et
881 1883 1101 1947 mittendarum
1129 1882 1162 1946 in
1190 1898 1281 1944 carne

212 1988 383 2050 animarum
406 1985 545 2047 diuinum
567 1985 812 2074 chirographum,
835 1985 1013 2067 angelorum
1035 1989 1067 2049 et
1092 1985 1141 2048 dei
1163 1986 1194 2048 et
1215 1997 1281 2046 om·

212 2091 297 2153 nium
320 2088 492 2150 animarum
514 2073 712 2152 consensibus
734 2087 917 2157 fabricatum
947 2088 1138 2178 patriarchae
1160 2091 1279 2158 tenent3

213 2191 264 2272 qui
286 2195 393 2253 eontra
413 2189 551 2252 formalis
574 2190 702 2253 militiae
724 2205 799 2273 opus
821 2191 988 2271 possident,
1012 2191 1189 2271 etreliqua.

168 2294 308 2359 Tradidit
335 2295 440 2355 autem
469 2293 594 2355 nomina
622 2293 864 2373 patriarcharum
894 2293 1034 2368 membra
1059 2309 1126 2356 esse
1149 2293 1280 2372 animae,

112 2410 154 2454 ao
169 2415 204 2460 eo
227 2396 306 2476 quod
329 2399 409 2458 esset
424 2395 533 2458 Ruben
555 2395 586 2457 iu
610 2396 718 2477 capite,
741 2394 818 2459 Iuda
839 2397 871 2459 in
886 2399 1017 2478 pectore,
1040 2395 1117 2459 Leui
1130 2396 1166 2459 in
1182 2396 1279 2474 eorde,

168 2498 328 2562 Beniamin
350 2498 383 2559 in
405 2495 582 2576 femoribus,
605 2501 636 2560 et
658 2498 784 2571 similior
814 2503 920 2562 contra
948 2501 1052 2562 autem
1074 2498 1106 2562 in
1133 2494 1280 2562 membris

270 2687 286 2740 8
304 2683 336 2736 cf.
355 2683 409 2739 ool.
423 2685 446 2746 2,
461 2686 504 2745 14;
522 2683 603 2737 Prisc.
616 2700 672 2738 oen.
685 2683 784 2745 xviri,
803 2688 830 2738 et
847 2701 927 2754 supra
944 2702 968 2754 p.
983 2688 1023 2748 16,
1037 2688 1077 2747 23.

270 2859 283 2911 1
311 2855 433 2910 &osiam
450 2856 568 2922 requitur
584 2856 751 2920 ambernac
768 2857 915 2912 deicerer.
938 2874 959 2912 c.
972 2862 1007 2911 70
1023 2856 1073 2925 (ed.
1087 2855 1188 2929 Oehler,
1210 2873 1279 2928 corp.

167 2944 264 2997 haeres.
283 2941 389 3008 1‚218):
406 2940 456 2992 hoc
474 2939 631 2993 uersutioree
649 2941 728 2994 etiam
745 2940 904 2995 Manichaeis
922 2942 990 3010 quod
1009 2942 1075 2996 nihil
1093 2944 1280 3012 scripturarum

167 3028 351 3081 canonicarum
369 3025 508 3094 repudiant
526 3042 546 3080 e.
558 3044 581 3095 p.
594 3043 614 3080 s.
683 3028 783 3096 tibia
801 3028 835 3096 (p.
848 3021 920 3096 alat:
943 3029 1067 3096 lamma),
1087 3045 1133 3097 per
1155 3030 1280 3097 quosdam

167 3112 298 3182 gradatim
317 3111 471 3164 descendere
488 3111 648 3179 principatus
666 3118 693 3165 et
708 3113 854 3180 malignum
864 3113 1009 3182 principem
1021 3115 1194 3177 incurrerem
1204 3121 1281 3184 atque

168 3198 200 3253 ab
221 3199 272 3251 hoc
292 3197 409 3265 principe
432 3212 479 3264 per
501 3196 605 3250 diuersa
626 3197 714 3254 carnis!
731 3185 838 3266 corpora
855 3198 985 3253 seminari.
1056 3202 1087 3254 17
1105 3201 1281 3271 patriarchae]

168 3284 202 3337 cf.
220 3298 299 3350 supra
315 3298 340 3350 p.
353 3285 394 3346 81,
408 3285 447 3336 11.
977 3296 978 3299 ’

211 3471 386 3528 lmanioheis
404 3469 458 3523 AB
526 3469 676 3524 theresim
695 3471 748 3524 AB
817 3469 991 3524 conformarat
1012 3473 1043 3526 in
1059 3489 1112 3528 rao.
1131 3458 1236 3530 arceri
1255 3477 1282 3529 Β

168 3559 185 3610 4
202 3560 229 3609 et
246 3574 295 3610 oar.
308 3554 361 3610 Ba
430 3553 541 3607 adoratu
558 3554 596 3624 A]
615 3552 755 3609 adhortatu
773 3554 835 3622 Ba,
853 3555 1002 3610 'adhortatu
1025 3558 1150 3613 Uaticani
1167 3576 1236 3628 maa„
1253 3567 1282 3615 at

167 3643 234 3696 editi
251 3640 368 3693 adoratu'
387 3639 402 3694 b
489 3643 503 3694 7
528 3638 624 3692 ascribi
642 3655 751 3707 cyrogr.,
777 3640 846 3693 unde
863 3648 890 3694 et
907 3641 996 3694 matha
1013 3643 1044 3696 in
1060 3659 1114 3698 roa.
1132 3661 1203 3698 arca.
1221 3650 1236 3699 1
1256 3643 1282 3700 Β

167 3727 300 3794 chyrrogr.
313 3728 339 3780 A
391 3726 605 3792 Smathesymri
658 3726 719 3792 quia
730 3726 795 3794 AB]
809 3725 916 3794 quodi)
968 3743 1082 3796 cyrrogr.
1095 3730 1130 3792 A,
1142 3745 1242 3798 cyrogr.
1255 3732 1282 3785 Β

167 3813 313 3868 9aolueret
331 3813 357 3865 A
428 3814 459 3866 10
478 3810 542 3863 dicit
559 3809 622 3878 rii),
641 3811 707 3864 dixit
723 3812 750 3864 B
820 3815 849 3866 ll
869 3813 997 3880 sapientia
1013 3832 1067 3873 ponc.
1086 3815 1113 3868 Β
1175 3818 1215 3880 13
1232 3831 1282 3883 que

165 3904 227 3967 port
244 3913 333 3949 omnes
356 3915 405 3951 erra.
424 3898 450 3950 Β
521 3900 552 3951 14
574 3912 635 3949 uero
658 3914 707 3950 oar.
726 3894 780 3950 Bb>
850 3896 1042 3967 dispositiones]
1065 3898 1233 3967 dispositione
1255 3902 1282 3954 Β

167 3983 209 4048 (ia
226 3989 340 4037 extranca
353 3984 469 4050 popina)
522 3985 553 4036 15
573 3981 614 4034 dei
631 3983 735 4045 addunt
743 3988 806 4049 poet
818 3981 931 4048 primum
944 3981 997 4037 Ba
1051 3984 1139 4052 carne]
1152 3987 1185 4053 os.
1198 4003 1282 4053 sopra

167 4086 193 4137 p.
208 4073 278 4134 55,6
295 4069 329 4120 al.
395 4070 427 4121 16
445 4082 545 4134 cyrogr.
558 4067 612 4120 AB
678 4069 710 4121 17
727 4073 784 4120 crat
802 4065 960 4119 fabricarum
978 4068 1013 4134 B,
1031 4069 1097 4124 corr.
1116 4071 1202 4122 altera
1218 4073 1280 4137 sort.

168 4171 238 4208 arua.
293 4155 324 4208 18
342 4151 397 4220 qui]
417 4151 483 4206 ‘colia
500 4152 582 4206 editio
599 4152 665 4206 Leo.
685 4151 792 4219 quae'b
846 4153 879 4206 20
896 4151 971 4204 iudas
989 4154 1016 4206 B
