2812 4634
160 233 297 300 xxxnn

160 408 302 472 Difficilis
324 408 407 472 lectu
421 410 469 471 est
488 407 539 470 lric
553 407 655 486 codex,
678 425 749 469 cnm
763 407 844 471 inter
861 407 1032 471 litterarum
1046 426 1065 471 a
1080 412 1112 472 et
1125 427 1155 487 u,
1177 411 1188 472 i
1202 408 1270 489 etl,

160 504 181 574 ‘r'
198 513 266 574 ets
295 511 409 574 formas
436 510 555 572 nullum
580 509 644 571 fere
670 509 834 572 discrimen
861 511 903 572 sit
927 512 958 581 et
983 527 1093 573 manus
1120 510 1270 592 quaedam

161 612 294 676 secunda
315 629 333 675 a
356 629 449 674 mauu
473 611 573 693 prima
593 628 702 693 pamm
725 611 845 674 diuersa
867 612 980 675 multos
1001 612 1083 675 locos
1105 613 1185 675 male
1203 631 1270 677 cor·

161 715 284 789 reuerit3
310 713 380 778 inde
401 732 421 777 a
442 731 508 777 can.
529 711 571 774 64
592 712 674 776 aliud
701 712 825 793 quidem
850 715 1057 776 atramentum
1083 716 1115 777 et
1139 715 1269 777 maiores

162 818 269 881 ductus
285 817 450 899 scripturae
465 817 622 897 apparent,
645 814 699 877 sed
712 819 817 878 tamen
838 815 929 897 primi
943 833 1010 879 esse
1032 815 1149 879 librarii
1162 815 1270 878 uiden·

161 923 222 984 tur.
253 917 425 985 ¹(lenonum
454 921 554 981 tentus
586 916 741 981 interdum
773 916 971 981 obtruncatur
1004 921 1035 980 et
1064 916 1274 999 abradetur,

161 1022 247 1086 uelut
263 1021 380 1085 incan.
398 1017 535 1093 13-16;
557 1019 743 1100 singularem
757 1019 852 1082 habet
864 1020 1027 1082 lectionem
1043 1019 1080 1082 ad
1097 1018 1166 1098 134,
1183 1018 1210 1083 1.
1226 1015 1274 1066 -‘

163 1122 306 1210 Continet
326 1122 390 1187 cod.
408 1121 433 1186 Τ
452 1139 558 1185 omnes
583 1120 747 1212 bibliorum
771 1121 879 1193 libros;
904 1139 1019 1185 nouum
1044 1124 1114 1184 test
1140 1121 1269 1185 contulit
1314 1126 1315 1129 ’

162 1225 370 1291 Wordsnorth
386 1220 481 1296 1882;
504 1241 635 1287 canones
649 1222 834 1286 Priscilliani
852 1227 973 1286 exstant
994 1222 1064 1286 inde
1078 1240 1179 1305 apag.
1195 1221 1267 1286 321.

76 1344 97 1396 ἃ
205 1326 286 1407 Quos
308 1323 398 1390 modo
424 1325 668 1389 enumeranimus
691 1323 819 1403 codices,
846 1325 941 1388 artius
965 1325 1044 1388 inter
1069 1343 1103 1388 se
1116 1328 1267 1408 cognatos

163 1446 230 1492 esse
250 1428 330 1492 infra
351 1445 529 1510 cognoscem
557 1426 611 1490 sed
632 1427 695 1489 iam
716 1425 754 1488 de
775 1443 810 1490 eo
832 1426 933 1489 codice
955 1430 1002 1490 est
1023 1426 1194 1506 dicendum,
1216 1426 1269 1507 qui

102 1542 104 1548 '
163 1531 288 1595 alterius
310 1530 416 1595 classis
438 1530 498 1593 dur
524 1532 556 1593 et
575 1529 716 1611 princeps
739 1532 794 1592 est

205 1631 239 1714 5)
262 1631 333 1697 ceu.
350 1630 548 1696 Parisinus
574 1627 668 1710 9880,
697 1617 770 1694 olim
796 1630 985 1695 Mesmiauns
1015 1630 1068 1714 (=
1092 1630 1150 1714 ll),
1182 1631 1268 1694 cuius

93 1718 95 1722 ὗ
162 1732 235 1798 libri
266 1734 345 1816 apud
380 1733 494 1796 multos
530 1736 651 1796 nostrae
684 1732 791 1796 aetatis
824 1733 903 1796 uiros
936 1733 1040 1796 doctos
1072 1732 1109 1796 fit
1143 1732 1267 1811 mentio,

66 1876 68 1884 ,
164 1838 243 1902 inter
271 1853 346 1918 quos
375 1837 535 1919 praecipue
564 1836 750 1918 Leopoldum
779 1834 894 1900 Delisle
922 1838 1058 1916 nomino,
1092 1839 1145 1918 qui
1173 1837 1268 1900 totius

164 1939 234 2003 libri
255 1938 485 2020 descriptionem
511 1937 555 2001 ita
579 1938 706 2019 protulit
729 1938 761 2000 in
783 1937 1003 2019 ‘Bibliothdqne
1025 1938 1063 2001 de
1083 1937 1192 2002 l’ecole
1214 1938 1268 2001 des

127 2120 128 2126 ἵ
164 2040 294 2120 chartus,
313 2039 378 2120 XL,
399 2040 496 2103 annes
514 2035 614 2118 l8l9',
635 2059 664 2122 p.
681 2038 786 2121 5sqq,
808 2043 843 2103 ut
864 2040 957 2103 addat
977 2041 1070 2104 etiam
1091 2040 1269 2120 descriptio·

161 2151 235 2208 'nem
257 2142 367 2207 codicis
388 2140 600 2226 Anicieusis
625 2142 657 2205 in
682 2141 805 2205 ciuitate
825 2140 967 2206 Podiensi
991 2141 1048 2223 (Le
1068 2141 1148 2224 Puy)
1170 2159 1270 2204 asser·

59 2272 61 2278 *
164 2246 237 2325 uati,
260 2245 405 2326 quicum
419 2243 457 2323 M
467 2243 600 2327 gemeda
620 2243 798 2325 cognatione
813 2243 989 2306 coniunctus
1011 2246 1067 2306 est
1097 2242 1269 2323 Utrumque
1314 2301 1315 2304 ,

164 2346 277 2413 librum
298 2345 422 2410 iubente
445 2344 612 2415 Theodulfo
634 2345 773 2426 episcopo
794 2342 1010 2408 Aurelianensi
1031 2345 1179 2426 scriptum
1200 2363 1269 2423 esse

159 2448 205 2532 (a.
222 2448 340 2514 circiter
354 2445 415 2511 817
431 2447 568 2532 deposito
583 2449 615 2510 et
628 2443 688 2507 821
705 2445 838 2528 mortuo)
860 2464 966 2509 uersus
986 2445 1095 2510 docent
1116 2463 1135 2508 a
1152 2442 1269 2509 Delisle

164 2571 194 2635 p.
207 2547 290 2614 o-8
302 2553 333 2615 et
343 2547 385 2614 84
394 2567 437 2632 sq.
450 2549 680 2613 commemorati
693 2545 746 2629 (cf.
758 2547 946 2626 Duemmler,
957 2547 1069 2611 Poetae
1080 2548 1147 2610 aeui
1160 2546 1269 2626 carol,

161 2656 239 2719 tom.
254 2652 280 2734 1,
299 2671 329 2737 p.
344 2649 416 2715 440.
428 2648 492 2714 588
502 2668 582 2732 sqq.;
598 2651 630 2714 in
643 2649 726 2713 calce
739 2648 835 2713 hebes
850 2650 1003 2731 specimen
1018 2648 1212 2733 scripturae);
1227 2684 1270 2696 -

165 2757 293 2835 utroque
316 2752 394 2818 libro
415 2769 489 2817 usus
514 2754 561 2816 est
583 2749 740 2815 Weihrieb
761 2751 793 2813 in
815 2749 929 2814 edendo
947 2750 1112 2833 Augustini
1136 2751 1269 2831 speculo,

164 2859 239 2920 tom.
254 2845 318 2919 ΧΠ
336 2853 425 2918 huius
440 2871 520 2936 corp.
537 2852 641 2935 script.
660 2852 777 2931 eccles,
799 2870 828 2934 p.
844 2851 960 2916 XLVII
982 2855 1013 2916 et
1026 2848 1088 2914 288
1104 2870 1167 2933 sqq.
1204 2852 1271 2916 Ad-

157 2956 264 3021 ‘omati
278 2958 350 3020 sunt
364 2954 606 3037 splendidissime
621 2953 778 3027 Γ11100οι1111
793 2953 920 3034 codices,
939 2954 1087 3037 scriptura
1101 2954 1271 3018 minutissi-

166 3052 225 3122 mis
247 3059 392 3139 conceptu
412 3059 459 3121 est
479 3055 703 3120 characteribus
725 3059 757 3118 et
775 3054 856 3119 binis
878 3057 970 3119 currit
991 3043 1149 3120 columnis.
1182 3055 1271 3120 Codi-

166 3159 210 3223 cis
224 3158 259 3222 M
280 3175 411 3222 canones
432 3144 632 3222 Priscilliauei
651 3160 688 3220 ut
702 3161 912 3230 excuterentur
933 3159 966 3220 in
984 3176 1089 3221 meum
1106 3176 1197 3221 nsum
1215 3177 1272 3238 per

166 3260 254 3324 Mdm.
273 3259 410 3324 Hauler
431 3277 537 3323 mense
558 3258 646 3322 Iunio
670 3255 765 3338 1886,
790 3259 995 3323 intercedente
1016 3259 1153 3323 Hartelio
1173 3260 1272 3340 impe-

166 3362 260 3434 traui;
285 3361 482 3425 Aniciensem
504 3363 608 3425 autem
634 3359 769 3424 codicem
790 3361 843 3441 qui
869 3361 1020 3424 conferret
1044 3362 1197 3424 neminem
1223 3361 1272 3426 in-

166 3463 246 3527 ueni.
277 3462 321 3526 Mn
343 3463 408 3526 cod.
424 3462 459 3527 M
474 3462 640 3546 specimina
654 3462 804 3543 quaedam
823 3464 992 3528 sectionum
1006 3462 1045 3526 ad
1059 3466 1177 3526 tentum
1190 3462 1272 3526 Pan-

166 3565 264 3629 linnm
279 3565 499 3647 adscripturum
513 3563 588 3628 mihi
603 3564 871 3646 suppeditauerunt
882 3564 912 3630 S.
923 3566 1039 3648 Berger
1053 3567 1084 3629 et
1098 3553 1156 3628 Ios.
1171 3565 1273 3646 Zycha

165 3667 283 3731 aestate
302 3684 328 3730 a
349 3664 429 3728 1888
448 3666 523 3750 (nid.
539 3665 840 3749 indeprensa).
858 3703 895 3713 -
913 3667 1055 3732 Continet
1068 3667 1103 3731 M
1116 3667 1196 3731 foliis
1208 3663 1271 3728 348

167 3770 282 3857 (magn.
297 3766 444 3848 0320)(
455 3766 562 3850 0210)
582 3786 688 3832 omnes
706 3767 800 3833 libros
818 3768 960 3844 biblicum
982 3769 1163 3840 Priscile
1181 3785 1272 3832 cano·

167 3888 222 3934 nes
244 3873 367 3935 exstant
387 3871 439 3936 lul.
459 3867 520 3932 287
533 3889 578 3952 sq.

154 4007 156 4011 ν
209 3970 242 4054 6)
264 3972 302 4037 In
323 3971 426 4036 codice
447 3971 623 4055 Uaticano
644 3970 728 4038 5129
750 3972 803 4055 (=
818 3971 861 4054 V)
883 3974 984 4038 inesse
1006 3989 1135 4037 canones
1149 3973 1272 4037 Priscil-

83 4080 85 4086 '
160 4073 281 4146 ‘lienem
303 4091 378 4148 cum
404 4075 616 4158 cognouissem
641 4093 677 4138 er
699 4074 859 4146 Zachariae
885 4074 959 4144 bibl.
981 4075 1159 4139 Pistoriensi
1179 4094 1209 4157 p.
1229 4073 1272 4138 06
