<?xml version="1.0" encoding="UTF-8"?>
<!DOCTYPE html PUBLIC "-//W3C//DTD XHTML 1.0 Transitional//EN"
    "http://www.w3.org/TR/xhtml1/DTD/xhtml1-transitional.dtd">
<html xmlns="http://www.w3.org/1999/xhtml" xml:lang="en" lang="en">
 <head>
  <title>
</title>
<meta http-equiv="Content-Type" content="text/html;charset=utf-8" />
  <meta name='ocr-system' content='tesseract 3.04.00' />
  <meta name='ocr-capabilities' content='ocr_page ocr_carea ocr_par ocr_line ocrx_word'/>
</head>
<body>
  <div class='ocr_page' id='page_1' title='image "./priscillianiqva01schegoog/priscillianiqva01schegoog_0140.png"; bbox 0 0 2812 4634; ppageno 0'>
   <div class='ocr_carea' id='block_1_1' title="bbox 420 843 1119 1166">
    <p class='ocr_par' dir='ltr' id='par_1_1' title="bbox 420 843 1119 1166">
     <span class='ocr_line' id='line_1_1' title="bbox 461 843 1067 967; baseline 0 0"><span class='ocrx_word' id='word_1_1' title='bbox 461 920 464 924; x_wconf 92' lang='lat'><em>-</em></span> <span class='ocrx_word' id='word_1_2' title='bbox 577 843 964 967; x_wconf 82' lang='lat' dir='ltr'><strong>PlilSClLlliNl</strong></span> <span class='ocrx_word' id='word_1_3' title='bbox 1065 861 1067 864; x_wconf 74' lang='grc'><strong><em>’</em></strong></span> 
     </span>
     <span class='ocr_line' id='line_1_2' title="bbox 420 1051 1119 1166; baseline 0.001 -21"><span class='ocrx_word' id='word_1_4' title='bbox 420 1051 695 1147; x_wconf 65' lang='grc'><strong>1110111118</strong></span> <span class='ocrx_word' id='word_1_5' title='bbox 729 1061 905 1144; x_wconf 79' lang='lat' dir='ltr'><strong>ussum</strong></span> <span class='ocrx_word' id='word_1_6' title='bbox 938 1060 1119 1166; x_wconf 80' lang='lat' dir='ltr'><strong>rusum</strong></span> 
     </span>
    </p>
   </div>
   <div class='ocr_carea' id='block_1_2' title="bbox 51 1245 1330 1395">
    <p class='ocr_par' dir='ltr' id='par_1_2' title="bbox 51 1245 1330 1395">
     <span class='ocr_line' id='line_1_3' title="bbox 51 1245 1330 1395; baseline 0.002 -18"><span class='ocrx_word' id='word_1_7' title='bbox 51 1245 204 1380; x_wconf 35' lang='lat' dir='ltr'><strong>,marg</strong></span> <span class='ocrx_word' id='word_1_8' title='bbox 257 1312 428 1394; x_wconf 68' lang='lat' dir='ltr'><strong>‘Domino</strong></span> <span class='ocrx_word' id='word_1_9' title='bbox 458 1312 544 1394; x_wconf 86' lang='lat' dir='ltr'><strong>quid</strong></span> <span class='ocrx_word' id='word_1_10' title='bbox 569 1263 814 1395; x_wconf 83' lang='lat' dir='ltr'><strong>multipiiouti</strong></span> <span class='ocrx_word' id='word_1_11' title='bbox 844 1315 928 1376; x_wconf 84' lang='lat' dir='ltr'><strong>sunt</strong></span> <span class='ocrx_word' id='word_1_12' title='bbox 956 1313 1017 1394; x_wconf 88' lang='lat' dir='ltr'><strong>qui</strong></span> <span class='ocrx_word' id='word_1_13' title='bbox 1041 1313 1224 1379; x_wconf 75' lang='lat' dir='ltr'><strong>tribulant</strong></span> <span class='ocrx_word' id='word_1_14' title='bbox 1250 1318 1330 1380; x_wconf 79' lang='lat' dir='ltr'><strong>me?</strong></span> 
     </span>
    </p>
   </div>
   <div class='ocr_carea' id='block_1_3' title="bbox 210 1414 1397 2625">
    <p class='ocr_par' dir='ltr' id='par_1_3' title="bbox 210 1414 1397 2625">
     <span class='ocr_line' id='line_1_4' title="bbox 213 1414 1329 1500; baseline 0.004 -23"><span class='ocrx_word' id='word_1_15' title='bbox 213 1414 320 1478; x_wconf 85' lang='lat' dir='ltr'><strong>multi</strong></span> <span class='ocrx_word' id='word_1_16' title='bbox 338 1415 537 1498; x_wconf 83' lang='lat' dir='ltr'><strong>insurgunt</strong></span> <span class='ocrx_word' id='word_1_17' title='bbox 558 1415 733 1479; x_wconf 75' lang='lat' dir='ltr'><strong>aduersus</strong></span> <span class='ocrx_word' id='word_1_18' title='bbox 748 1417 812 1478; x_wconf 87' lang='lat' dir='ltr'><strong>me&#39;</strong></span> <span class='ocrx_word' id='word_1_19' title='bbox 828 1417 860 1478; x_wconf 85' lang='lat' dir='ltr'><strong>et</strong></span> <span class='ocrx_word' id='word_1_20' title='bbox 873 1415 999 1496; x_wconf 79' lang='lat' dir='ltr'><strong>reliquo.</strong></span> <span class='ocrx_word' id='word_1_21' title='bbox 1015 1414 1115 1480; x_wconf 56' lang='lat' dir='ltr'><strong>&#39;lieet</strong></span> <span class='ocrx_word' id='word_1_22' title='bbox 1128 1417 1240 1500; x_wconf 88' lang='lat' dir='ltr'><strong>psulmi</strong></span> <span class='ocrx_word' id='word_1_23' title='bbox 1253 1417 1329 1482; x_wconf 88' lang='lat' dir='ltr'><strong>titu-</strong></span> 
     </span>
     <span class='ocr_line' id='line_1_5' title="bbox 212 1516 1354 1599; baseline 0.001 -20"><span class='ocrx_word' id='word_1_24' title='bbox 212 1516 261 1580; x_wconf 91' lang='lat' dir='ltr'><strong>lus</strong></span> <span class='ocrx_word' id='word_1_25' title='bbox 277 1519 434 1599; x_wconf 84' lang='lat' dir='ltr'><strong>gestorum</strong></span> <span class='ocrx_word' id='word_1_26' title='bbox 449 1517 587 1581; x_wconf 83' lang='lat' dir='ltr'>ordinem</span> <span class='ocrx_word' id='word_1_27' title='bbox 601 1520 716 1597; x_wconf 80' lang='lat' dir='ltr'><strong>teneat,</strong></span> <span class='ocrx_word' id='word_1_28' title='bbox 738 1534 792 1580; x_wconf 89' lang='lat' dir='ltr'><strong>our</strong></span> <span class='ocrx_word' id='word_1_29' title='bbox 806 1516 907 1581; x_wconf 77' lang='lat' dir='ltr'><strong>Dauid</strong></span> <span class='ocrx_word' id='word_1_30' title='bbox 929 1520 1054 1582; x_wconf 85' lang='lat' dir='ltr'><strong>sunotus</strong></span> <span class='ocrx_word' id='word_1_31' title='bbox 1076 1518 1171 1583; x_wconf 78' lang='lat' dir='ltr'><strong>animi</strong></span> <span class='ocrx_word' id='word_1_32' title='bbox 1192 1536 1211 1583; x_wconf 86' lang='lat' dir='ltr'><strong>u</strong></span> <span class='ocrx_word' id='word_1_33' title='bbox 1231 1520 1354 1584; x_wconf 75' lang='lat' dir='ltr'><strong>faties</strong></span> 
     </span>
     <span class='ocr_line' id='line_1_6' title="bbox 211 1617 1328 1709; baseline 0.003 -27"><span class='ocrx_word' id='word_1_34' title='bbox 211 1617 418 1684; x_wconf 79' lang='lat' dir='ltr'><strong>Abessalon</strong></span> <span class='ocrx_word' id='word_1_35' title='bbox 432 1618 492 1709; x_wconf 87' lang='lat' dir='ltr'><strong>iili</strong></span> <span class='ocrx_word' id='word_1_36' title='bbox 506 1617 713 1699; x_wconf 77' lang='lat' dir='ltr'><strong>declinauerit,</strong></span> <span class='ocrx_word' id='word_1_37' title='bbox 735 1618 822 1683; x_wconf 90' lang='lat' dir='ltr'><strong>nobis</strong></span> <span class='ocrx_word' id='word_1_38' title='bbox 835 1622 944 1683; x_wconf 50' lang='lat' dir='ltr'><strong>*minen</strong></span> <span class='ocrx_word' id='word_1_39' title='bbox 958 1619 1103 1684; x_wconf 77' lang='lat' dir='ltr'><strong>eoelestis</strong></span> <span class='ocrx_word' id='word_1_40' title='bbox 1117 1636 1209 1704; x_wconf 82' lang='lat' dir='ltr'><strong>opem</strong></span> <span class='ocrx_word' id='word_1_41' title='bbox 1223 1621 1328 1686; x_wconf 87' lang='lat' dir='ltr'><strong>dieen-</strong></span> 
     </span>
     <span class='ocr_line' id='line_1_7' title="bbox 213 1718 1328 1804; baseline 0.004 -21"><span class='ocrx_word' id='word_1_42' title='bbox 213 1718 295 1783; x_wconf 91' lang='lat' dir='ltr'><strong>tibus</strong></span> <span class='ocrx_word' id='word_1_43' title='bbox 321 1737 383 1785; x_wconf 93' lang='lat' dir='ltr'><strong>non</strong></span> <span class='ocrx_word' id='word_1_44' title='bbox 410 1739 514 1785; x_wconf 88' lang='lat' dir='ltr'><strong>rerum</strong></span> <span class='ocrx_word' id='word_1_45' title='bbox 536 1721 705 1786; x_wconf 86' lang='lat' dir='ltr'><strong>eurnulium</strong></span> <span class='ocrx_word' id='word_1_46' title='bbox 733 1720 954 1804; x_wconf 82' lang='lat' dir='ltr'><strong>perserutundu</strong></span> <span class='ocrx_word' id='word_1_47' title='bbox 979 1723 1062 1802; x_wconf 83' lang='lat' dir='ltr'><strong>sunt,</strong></span> <span class='ocrx_word' id='word_1_48' title='bbox 1090 1726 1126 1786; x_wconf 89' lang='lat' dir='ltr'><strong>ut</strong></span> <span class='ocrx_word' id='word_1_49' title='bbox 1146 1723 1272 1788; x_wconf 75' lang='lat' dir='ltr'><strong>inuento</strong></span> <span class='ocrx_word' id='word_1_50' title='bbox 1294 1723 1328 1788; x_wconf 91' lang='lat' dir='ltr'><strong>in</strong></span> 
     </span>
     <span class='ocr_line' id='line_1_8' title="bbox 213 1822 1397 1914; baseline 0.003 -28"><span class='ocrx_word' id='word_1_51' title='bbox 213 1826 364 1887; x_wconf 78' lang='lat' dir='ltr'><strong>secretum</strong></span> <span class='ocrx_word' id='word_1_52' title='bbox 378 1823 579 1914; x_wconf 81' lang='lat' dir='ltr'><strong>inquisitionis</strong></span> <span class='ocrx_word' id='word_1_53' title='bbox 594 1822 736 1907; x_wconf 77' lang='lat' dir='ltr'><strong>indagine</strong></span> <span class='ocrx_word' id='word_1_54' title='bbox 757 1823 876 1888; x_wconf 87' lang='lat' dir='ltr'><strong>inuenti</strong></span> <span class='ocrx_word' id='word_1_55' title='bbox 896 1824 1033 1907; x_wconf 80' lang='lat' dir='ltr'><strong>proemio</strong></span> <span class='ocrx_word' id='word_1_56' title='bbox 1055 1825 1153 1909; x_wconf 89' lang='lat' dir='ltr'><strong>operis</strong></span> <span class='ocrx_word' id='word_1_57' title='bbox 1176 1825 1327 1908; x_wconf 80' lang='lat' dir='ltr'><strong>adsequu-</strong></span> <span class='ocrx_word' id='word_1_58' title='bbox 1352 1855 1354 1858; x_wconf 94' lang='lat'>·</span> <span class='ocrx_word' id='word_1_59' title='bbox 1395 1861 1397 1867; x_wconf 94' lang='lat'><em>·</em></span> 
     </span>
     <span class='ocr_line' id='line_1_9' title="bbox 212 1925 1327 2012; baseline 0.004 -24"><span class='ocrx_word' id='word_1_60' title='bbox 212 1943 291 2005; x_wconf 89' lang='lat' dir='ltr'><strong>mur,</strong></span> <span class='ocrx_word' id='word_1_61' title='bbox 307 1925 386 1989; x_wconf 86' lang='lat' dir='ltr'><strong>siout</strong></span> <span class='ocrx_word' id='word_1_62' title='bbox 400 1925 549 1990; x_wconf 77' lang='lat' dir='ltr'><strong>scribtum</strong></span> <span class='ocrx_word' id='word_1_63' title='bbox 564 1929 626 1990; x_wconf 85' lang='lat' dir='ltr'><strong>est:</strong></span> <span class='ocrx_word' id='word_1_64' title='bbox 646 1926 821 2007; x_wconf 77' lang='lat' dir='ltr'><strong>quaerite,</strong></span> <span class='ocrx_word' id='word_1_65' title='bbox 835 1925 951 2008; x_wconf 90' lang='lat' dir='ltr'><strong>inquid,</strong></span> <span class='ocrx_word' id='word_1_66' title='bbox 967 1930 1002 1991; x_wconf 89' lang='lat' dir='ltr'><strong>et</strong></span> <span class='ocrx_word' id='word_1_67' title='bbox 1023 1926 1233 2009; x_wconf 87' lang='lat' dir='ltr'><strong>inuenietis,</strong></span> <span class='ocrx_word' id='word_1_68' title='bbox 1248 1930 1327 2012; x_wconf 88' lang='lat' dir='ltr'><strong>pul-</strong></span> 
     </span>
     <span class='ocr_line' id='line_1_10' title="bbox 212 2015 1369 2115; baseline 0 -24"><span class='ocrx_word' id='word_1_69' title='bbox 212 2030 346 2091; x_wconf 81' lang='lat' dir='ltr'><strong>sateet</strong></span> <span class='ocrx_word' id='word_1_70' title='bbox 360 2028 544 2112; x_wconf 80' lang='lat' dir='ltr'><strong>aperietur</strong></span> <span class='ocrx_word' id='word_1_71' title='bbox 566 2027 680 2110; x_wconf 87' lang='lat' dir='ltr'><strong>uobis,</strong></span> <span class='ocrx_word' id='word_1_72' title='bbox 704 2031 736 2092; x_wconf 87' lang='lat' dir='ltr'><strong>et</strong></span> <span class='ocrx_word' id='word_1_73' title='bbox 757 2028 844 2115; x_wconf 82' lang='lat' dir='ltr'><strong>alibi:</strong></span> <span class='ocrx_word' id='word_1_74' title='bbox 867 2027 872 2114; x_wconf 90' lang='grc' dir='ltr'>Ι</span> <span class='ocrx_word' id='word_1_75' title='bbox 896 2029 1016 2094; x_wconf 82' lang='lat' dir='ltr'><strong>omnis</strong></span> <span class='ocrx_word' id='word_1_76' title='bbox 1036 2029 1230 2113; x_wconf 80' lang='lat' dir='ltr'><strong>possibilis</strong></span> <span class='ocrx_word' id='word_1_77' title='bbox 1250 2015 1369 2094; x_wconf 57' lang='lat' dir='ltr'><strong>ore-&#39;ro</strong></span> 
     </span>
     <span class='ocr_line' id='line_1_11' title="bbox 212 2121 1324 2219; baseline 0.004 -26"><span class='ocrx_word' id='word_1_78' title='bbox 212 2130 320 2194; x_wconf 78' lang='lat' dir='ltr'><strong>olenti.</strong></span> <span class='ocrx_word' id='word_1_79' title='bbox 342 2130 424 2195; x_wconf 84' lang='lat' dir='ltr'><strong>Actu</strong></span> <span class='ocrx_word' id='word_1_80' title='bbox 441 2131 627 2214; x_wconf 82' lang='lat' dir='ltr'><strong>itaqueper</strong></span> <span class='ocrx_word' id='word_1_81' title='bbox 642 2121 879 2219; x_wconf 76' lang='lat' dir='ltr'><strong>speeiem&#39;per</strong></span> <span class='ocrx_word' id='word_1_82' title='bbox 893 2130 1005 2196; x_wconf 86' lang='lat' dir='ltr'><strong>fidem</strong></span> <span class='ocrx_word' id='word_1_83' title='bbox 1020 2131 1162 2215; x_wconf 76' lang='lat' dir='ltr'><strong>colligere</strong></span> <span class='ocrx_word' id='word_1_84' title='bbox 1176 2131 1324 2198; x_wconf 88' lang='lat' dir='ltr'><strong>debemus</strong></span> 
     </span>
     <span class='ocr_line' id='line_1_12' title="bbox 212 2231 1325 2317; baseline 0.003 -21"><span class='ocrx_word' id='word_1_85' title='bbox 212 2235 243 2296; x_wconf 88' lang='lat' dir='ltr'><strong>et</strong></span> <span class='ocrx_word' id='word_1_86' title='bbox 256 2231 387 2304; x_wconf 86' lang='lat' dir='ltr'><strong>uisibilis</strong></span> <span class='ocrx_word' id='word_1_87' title='bbox 408 2249 499 2317; x_wconf 81' lang='lat' dir='ltr'><strong>opera</strong></span> <span class='ocrx_word' id='word_1_88' title='bbox 513 2232 658 2297; x_wconf 90' lang='lat' dir='ltr'><strong>inuisibili</strong></span> <span class='ocrx_word' id='word_1_89' title='bbox 672 2232 784 2304; x_wconf 83' lang='lat' dir='ltr'><strong>mentis</strong></span> <span class='ocrx_word' id='word_1_90' title='bbox 798 2233 944 2316; x_wconf 77' lang='lat' dir='ltr'><strong>indage-re</strong></span> <span class='ocrx_word' id='word_1_91' title='bbox 960 2236 1086 2299; x_wconf 82' lang='lat' dir='ltr'><strong>seorsis.</strong></span> <span class='ocrx_word' id='word_1_92' title='bbox 1117 2233 1227 2300; x_wconf 77' lang='lat' dir='ltr'><strong>Omnis</strong></span> <span class='ocrx_word' id='word_1_93' title='bbox 1241 2235 1325 2310; x_wconf 92' lang='lat' dir='ltr'><strong>enim</strong></span> 
     </span>
     <span class='ocr_line' id='line_1_13' title="bbox 210 2334 1326 2420; baseline 0.004 -24"><span class='ocrx_word' id='word_1_94' title='bbox 210 2334 247 2399; x_wconf 93' lang='lat' dir='ltr'><strong>in</strong></span> <span class='ocrx_word' id='word_1_95' title='bbox 270 2335 394 2418; x_wconf 80' lang='lat' dir='ltr'><strong>figura</strong></span> <span class='ocrx_word' id='word_1_96' title='bbox 416 2338 521 2419; x_wconf 84' lang='lat' dir='ltr'><strong>gestu</strong></span> <span class='ocrx_word' id='word_1_97' title='bbox 542 2334 697 2418; x_wconf 80' lang='lat' dir='ltr'><strong>apostolus</strong></span> <span class='ocrx_word' id='word_1_98' title='bbox 720 2335 882 2405; x_wconf 82' lang='lat' dir='ltr'><strong>adseuerut</strong></span> <span class='ocrx_word' id='word_1_99' title='bbox 903 2340 935 2400; x_wconf 88' lang='lat' dir='ltr'><strong>et</strong></span> <span class='ocrx_word' id='word_1_100' title='bbox 953 2336 1072 2401; x_wconf 89' lang='lat' dir='ltr'><strong>nostri</strong></span> <span class='ocrx_word' id='word_1_101' title='bbox 1093 2341 1219 2420; x_wconf 83' lang='lat' dir='ltr'><strong>typum</strong></span> <span class='ocrx_word' id='word_1_102' title='bbox 1238 2341 1326 2402; x_wconf 88' lang='lat' dir='ltr'><strong>unte·</strong></span> 
     </span>
     <span class='ocr_line' id='line_1_14' title="bbox 211 2437 1324 2523; baseline 0.004 -23"><span class='ocrx_word' id='word_1_103' title='bbox 211 2439 280 2501; x_wconf 85' lang='lat' dir='ltr'><strong>uotu</strong></span> <span class='ocrx_word' id='word_1_104' title='bbox 300 2441 481 2519; x_wconf 81' lang='lat' dir='ltr'><strong>monstrare,</strong></span> <span class='ocrx_word' id='word_1_105' title='bbox 507 2441 543 2502; x_wconf 87' lang='lat' dir='ltr'><strong>ut</strong></span> <span class='ocrx_word' id='word_1_106' title='bbox 563 2452 641 2521; x_wconf 90' lang='lat' dir='ltr'><strong>opus</strong></span> <span class='ocrx_word' id='word_1_107' title='bbox 662 2437 774 2503; x_wconf 83' lang='lat' dir='ltr'><strong>loboris</strong></span> <span class='ocrx_word' id='word_1_108' title='bbox 796 2456 851 2521; x_wconf 88' lang='lat' dir='ltr'><strong>por</strong></span> <span class='ocrx_word' id='word_1_109' title='bbox 873 2438 1032 2503; x_wconf 83' lang='lat' dir='ltr'><strong>seientiam</strong></span> <span class='ocrx_word' id='word_1_110' title='bbox 1053 2439 1129 2523; x_wconf 82' lang='lat' dir='ltr'><strong>legis</strong></span> <span class='ocrx_word' id='word_1_111' title='bbox 1150 2439 1324 2522; x_wconf 87' lang='lat' dir='ltr'><strong>inluminet,</strong></span> 
     </span>
     <span class='ocr_line' id='line_1_15' title="bbox 211 2531 1369 2625; baseline 0.003 -22"><span class='ocrx_word' id='word_1_112' title='bbox 211 2556 286 2621; x_wconf 86' lang='lat' dir='ltr'><strong>quos</strong></span> <span class='ocrx_word' id='word_1_113' title='bbox 312 2539 484 2624; x_wconf 80' lang='lat' dir='ltr'><strong>ignorantis</strong></span> <span class='ocrx_word' id='word_1_114' title='bbox 505 2531 640 2605; x_wconf 89' lang='lat' dir='ltr'><strong>tenebris</strong></span> <span class='ocrx_word' id='word_1_115' title='bbox 669 2543 742 2605; x_wconf 84' lang='lat' dir='ltr'><strong>unte</strong></span> <span class='ocrx_word' id='word_1_116' title='bbox 764 2540 898 2622; x_wconf 82' lang='lat' dir='ltr'><strong>uolebat,</strong></span> <span class='ocrx_word' id='word_1_117' title='bbox 927 2545 963 2606; x_wconf 84' lang='lat' dir='ltr'><strong>ut</strong></span> <span class='ocrx_word' id='word_1_118' title='bbox 986 2543 1117 2625; x_wconf 79' lang='lat' dir='ltr'><strong>apostoli</strong></span> <span class='ocrx_word' id='word_1_119' title='bbox 1145 2541 1184 2607; x_wconf 85' lang='lat' dir='ltr'><strong>ud</strong></span> <span class='ocrx_word' id='word_1_120' title='bbox 1204 2541 1324 2607; x_wconf 82' lang='lat' dir='ltr'><strong>lifesios</strong></span> <span class='ocrx_word' id='word_1_121' title='bbox 1338 2565 1369 2606; x_wconf 77' lang='lat' dir='ltr'><strong>rs</strong></span> 
     </span>
    </p>
   </div>
   <div class='ocr_carea' id='block_1_4' title="bbox 208 2699 1325 2942">
    <p class='ocr_par' dir='ltr' id='par_1_4' title="bbox 208 2699 1325 2942">
     <span class='ocr_line' id='line_1_16' title="bbox 310 2699 1324 2779; baseline 0 -21"><span class='ocrx_word' id='word_1_122' title='bbox 310 2703 327 2758; x_wconf 86' lang='lat'>8</span> <span class='ocrx_word' id='word_1_123' title='bbox 343 2701 386 2756; x_wconf 87' lang='lat' dir='ltr'><strong>Ps.</strong></span> <span class='ocrx_word' id='word_1_124' title='bbox 398 2703 422 2766; x_wconf 82' lang='lat'><strong>3,</strong></span> <span class='ocrx_word' id='word_1_125' title='bbox 434 2704 459 2757; x_wconf 92' lang='grc'><strong>2.</strong></span> <span class='ocrx_word' id='word_1_126' title='bbox 473 2704 495 2758; x_wconf 90' lang='grc'><strong>1.</strong></span> <span class='ocrx_word' id='word_1_127' title='bbox 565 2699 687 2758; x_wconf 69' lang='lat' dir='ltr'><strong>unsrun</strong></span> <span class='ocrx_word' id='word_1_128' title='bbox 698 2703 762 2766; x_wconf 66' lang='lat' dir='ltr'><strong>Me</strong></span> <span class='ocrx_word' id='word_1_129' title='bbox 776 2699 840 2779; x_wconf 14' lang='lat' dir='ltr'><strong>*Luo</strong></span> <span class='ocrx_word' id='word_1_130' title='bbox 851 2703 891 2765; x_wconf 91' lang='lat'><strong>11,</strong></span> <span class='ocrx_word' id='word_1_131' title='bbox 900 2703 925 2756; x_wconf 84' lang='lat'><strong>9.</strong></span> <span class='ocrx_word' id='word_1_132' title='bbox 957 2762 960 2768; x_wconf 26' lang='lat'><strong>⁴</strong></span> <span class='ocrx_word' id='word_1_133' title='bbox 978 2704 1010 2757; x_wconf 87' lang='lat'><strong>10</strong></span> <span class='ocrx_word' id='word_1_134' title='bbox 1019 2701 1101 2764; x_wconf 78' lang='lat' dir='ltr'><strong>liure.</strong></span> <span class='ocrx_word' id='word_1_135' title='bbox 1110 2704 1135 2766; x_wconf 84' lang='grc'><strong>9,</strong></span> <span class='ocrx_word' id='word_1_136' title='bbox 1145 2704 1186 2758; x_wconf 88' lang='grc'><strong>22.</strong></span> <span class='ocrx_word' id='word_1_137' title='bbox 1234 2704 1269 2771; x_wconf 92' lang='grc' dir='ltr'><strong>Ι11</strong></span> <span class='ocrx_word' id='word_1_138' title='bbox 1289 2702 1324 2758; x_wconf 87' lang='lat' dir='ltr'><strong>oi.</strong></span> 
     </span>
     <span class='ocr_line' id='line_1_17' title="bbox 209 2779 1325 2866; baseline 0 -24"><span class='ocrx_word' id='word_1_139' title='bbox 209 2787 244 2842; x_wconf 91' lang='lat'><strong>11.</strong></span> <span class='ocrx_word' id='word_1_140' title='bbox 258 2786 315 2843; x_wconf 83' lang='lat' dir='ltr'><strong>Cor.</strong></span> <span class='ocrx_word' id='word_1_141' title='bbox 327 2791 353 2851; x_wconf 83' lang='grc'><strong>5,</strong></span> <span class='ocrx_word' id='word_1_142' title='bbox 364 2790 388 2843; x_wconf 80' lang='grc'><strong>7.</strong></span> <span class='ocrx_word' id='word_1_143' title='bbox 458 2790 495 2866; x_wconf 19' lang='grc'><strong>131</strong></span> <span class='ocrx_word' id='word_1_144' title='bbox 507 2787 528 2841; x_wconf 92' lang='grc' dir='ltr'><strong>Ι.</strong></span> <span class='ocrx_word' id='word_1_145' title='bbox 541 2785 599 2842; x_wconf 84' lang='lat' dir='ltr'><strong>Cor.</strong></span> <span class='ocrx_word' id='word_1_146' title='bbox 613 2789 653 2851; x_wconf 88' lang='lat'><strong>10,</strong></span> <span class='ocrx_word' id='word_1_147' title='bbox 666 2789 694 2849; x_wconf 73' lang='lat'><strong>63</strong></span> <span class='ocrx_word' id='word_1_148' title='bbox 716 2786 749 2841; x_wconf 87' lang='lat' dir='ltr'><strong>oi.</strong></span> <span class='ocrx_word' id='word_1_149' title='bbox 761 2786 842 2840; x_wconf 86' lang='lat' dir='ltr'><strong>Priso.</strong></span> <span class='ocrx_word' id='word_1_150' title='bbox 855 2802 911 2840; x_wconf 82' lang='lat' dir='ltr'><strong>oen.</strong></span> <span class='ocrx_word' id='word_1_151' title='bbox 929 2779 1043 2842; x_wconf 78' lang='lat' dir='ltr'>LXVIII</span> <span class='ocrx_word' id='word_1_152' title='bbox 1064 2790 1092 2842; x_wconf 90' lang='lat' dir='ltr'><strong>et</strong></span> <span class='ocrx_word' id='word_1_153' title='bbox 1108 2789 1251 2844; x_wconf 64' lang='lat' dir='ltr'><strong>Bocosom·</strong></span> <span class='ocrx_word' id='word_1_154' title='bbox 1267 2789 1325 2858; x_wconf 62' lang='lat' dir='ltr'><strong>fid„</strong></span> 
     </span>
     <span class='ocr_line' id='line_1_18' title="bbox 208 2871 1029 2942; baseline 0.001 -15"><span class='ocrx_word' id='word_1_155' title='bbox 208 2873 272 2942; x_wconf 79' lang='lat' dir='ltr'><strong>Mig.</strong></span> <span class='ocrx_word' id='word_1_156' title='bbox 285 2875 326 2939; x_wconf 84' lang='lat'><strong>20,</strong></span> <span class='ocrx_word' id='word_1_157' title='bbox 341 2876 406 2930; x_wconf 80' lang='lat'>1019</span> <span class='ocrx_word' id='word_1_158' title='bbox 418 2872 446 2928; x_wconf 82' lang='lat'><strong>0.</strong></span> <span class='ocrx_word' id='word_1_159' title='bbox 908 2871 911 2878; x_wconf 85' lang='lat'>&#39;</span> <span class='ocrx_word' id='word_1_160' title='bbox 1025 2872 1029 2881; x_wconf 89' lang='lat'><em>&#39;</em></span> 
     </span>
    </p>
   </div>
   <div class='ocr_carea' id='block_1_5' title="bbox 208 3008 1332 3660">
    <p class='ocr_par' dir='ltr' id='par_1_5' title="bbox 208 3008 1332 3660">
     <span class='ocr_line' id='line_1_19' title="bbox 308 3008 1332 3080; baseline -0.001 -14"><span class='ocrx_word' id='word_1_161' title='bbox 308 3012 326 3066; x_wconf 78' lang='lat'>4</span> <span class='ocrx_word' id='word_1_162' title='bbox 348 3010 484 3079; x_wconf 73' lang='lat' dir='ltr'><strong>Hilarius,</strong></span> <span class='ocrx_word' id='word_1_163' title='bbox 502 3011 606 3080; x_wconf 72' lang='lat' dir='ltr'><strong>prolop.</strong></span> <span class='ocrx_word' id='word_1_164' title='bbox 629 3011 660 3064; x_wconf 76' lang='lat' dir='ltr'><strong>ios</strong></span> <span class='ocrx_word' id='word_1_165' title='bbox 681 3008 787 3066; x_wconf 69' lang='lat' dir='ltr'><strong>samios</strong></span> <span class='ocrx_word' id='word_1_166' title='bbox 807 3009 957 3078; x_wconf 69' lang='lat' dir='ltr'><strong>quindecies</strong></span> <span class='ocrx_word' id='word_1_167' title='bbox 978 3010 1063 3080; x_wconf 58' lang='lat' dir='ltr'><strong>prod„</strong></span> <span class='ocrx_word' id='word_1_168' title='bbox 1083 3009 1173 3066; x_wconf 74' lang='lat' dir='ltr'><strong>2‘:·ln</strong></span> <span class='ocrx_word' id='word_1_169' title='bbox 1192 3009 1332 3079; x_wconf 84' lang='lat' dir='ltr'><strong>plerisque</strong></span> 
     </span>
     <span class='ocr_line' id='line_1_20' title="bbox 208 3092 1325 3165; baseline 0.002 -17"><span class='ocrx_word' id='word_1_170' title='bbox 208 3094 315 3164; x_wconf 70' lang='lat' dir='ltr'><strong>psalmis</strong></span> <span class='ocrx_word' id='word_1_171' title='bbox 340 3094 426 3150; x_wconf 85' lang='lat' dir='ltr'><strong>multu</strong></span> <span class='ocrx_word' id='word_1_172' title='bbox 447 3094 590 3149; x_wconf 82' lang='lat' dir='ltr'><strong>seeundum</strong></span> <span class='ocrx_word' id='word_1_173' title='bbox 611 3093 735 3158; x_wconf 66' lang='lat' dir='ltr'><strong>lutense</strong></span> <span class='ocrx_word' id='word_1_174' title='bbox 757 3092 875 3148; x_wconf 86' lang='lat' dir='ltr'><strong>ordinem</strong></span> <span class='ocrx_word' id='word_1_175' title='bbox 896 3094 925 3147; x_wconf 92' lang='lat' dir='ltr'><strong>in</strong></span> <span class='ocrx_word' id='word_1_176' title='bbox 946 3094 1208 3165; x_wconf 75' lang='lat' dir='ltr'><strong>superscriptionibus</strong></span> <span class='ocrx_word' id='word_1_177' title='bbox 1231 3110 1325 3150; x_wconf 86' lang='lat' dir='ltr'><strong>sorum</strong></span> 
     </span>
     <span class='ocr_line' id='line_1_21' title="bbox 208 3177 1325 3250; baseline 0 -16"><span class='ocrx_word' id='word_1_178' title='bbox 208 3196 263 3234; x_wconf 85' lang='lat' dir='ltr'><strong>esse</strong></span> <span class='ocrx_word' id='word_1_179' title='bbox 284 3179 405 3250; x_wconf 77' lang='lat' dir='ltr'><strong>legimus,</strong></span> <span class='ocrx_word' id='word_1_180' title='bbox 426 3182 458 3234; x_wconf 88' lang='lat' dir='ltr'><strong>ut</strong></span> <span class='ocrx_word' id='word_1_181' title='bbox 474 3178 547 3234; x_wconf 44' lang='lat' dir='ltr'><strong>ioum</strong></span> <span class='ocrx_word' id='word_1_182' title='bbox 569 3179 639 3248; x_wconf 80' lang='lat' dir='ltr'><strong>fugit</strong></span> <span class='ocrx_word' id='word_1_183' title='bbox 660 3178 747 3233; x_wconf 78' lang='lat' dir='ltr'><strong>Dauid</strong></span> <span class='ocrx_word' id='word_1_184' title='bbox 769 3194 785 3234; x_wconf 79' lang='lat' dir='ltr'><strong>u</strong></span> <span class='ocrx_word' id='word_1_185' title='bbox 805 3178 872 3233; x_wconf 79' lang='lat' dir='ltr'><strong>isoio</strong></span> <span class='ocrx_word' id='word_1_186' title='bbox 893 3177 943 3233; x_wconf 85' lang='lat' dir='ltr'><strong>filii</strong></span> <span class='ocrx_word' id='word_1_187' title='bbox 965 3179 1007 3232; x_wconf 88' lang='lat' dir='ltr'><strong>sui</strong></span> <span class='ocrx_word' id='word_1_188' title='bbox 1027 3179 1181 3233; x_wconf 74' lang='lat' dir='ltr'><strong>Abessalon*</strong></span> <span class='ocrx_word' id='word_1_189' title='bbox 1201 3182 1262 3244; x_wconf 85' lang='lat' dir='ltr'><strong>eto.;</strong></span> <span class='ocrx_word' id='word_1_190' title='bbox 1290 3211 1325 3222; x_wconf 92' lang='lat'><em>-</em></span> 
     </span>
     <span class='ocr_line' id='line_1_22' title="bbox 210 3263 1326 3336; baseline -0.001 -15"><span class='ocrx_word' id='word_1_191' title='bbox 210 3266 282 3331; x_wconf 75' lang='lat' dir='ltr'><strong>ibis,</strong></span> <span class='ocrx_word' id='word_1_192' title='bbox 299 3266 337 3321; x_wconf 81' lang='lat' dir='ltr'><strong>ool</strong></span> <span class='ocrx_word' id='word_1_193' title='bbox 348 3267 446 3336; x_wconf 78' lang='lat' dir='ltr'><strong>psalm.</strong></span> <span class='ocrx_word' id='word_1_194' title='bbox 467 3265 572 3335; x_wconf 76' lang='lat' dir='ltr'>CXIX,</span> <span class='ocrx_word' id='word_1_195' title='bbox 587 3269 619 3320; x_wconf 86' lang='lat'><strong>1:</strong></span> <span class='ocrx_word' id='word_1_196' title='bbox 644 3264 815 3334; x_wconf 86' lang='lat' dir='ltr'><strong>Prophetious</strong></span> <span class='ocrx_word' id='word_1_197' title='bbox 841 3280 926 3318; x_wconf 86' lang='lat' dir='ltr'><strong>sermo</strong></span> <span class='ocrx_word' id='word_1_198' title='bbox 951 3263 1014 3318; x_wconf 84' lang='lat' dir='ltr'><strong>lieet</strong></span> <span class='ocrx_word' id='word_1_199' title='bbox 1040 3266 1173 3320; x_wconf 91' lang='lat' dir='ltr'><strong>oommuni</strong></span> <span class='ocrx_word' id='word_1_200' title='bbox 1197 3282 1248 3320; x_wconf 89' lang='lat' dir='ltr'><strong>usu</strong></span> <span class='ocrx_word' id='word_1_201' title='bbox 1273 3265 1326 3320; x_wconf 89' lang='lat' dir='ltr'><strong>hu·</strong></span> 
     </span>
     <span class='ocr_line' id='line_1_23' title="bbox 208 3348 1325 3425; baseline 0.003 -21"><span class='ocrx_word' id='word_1_202' title='bbox 208 3349 278 3404; x_wconf 83' lang='lat' dir='ltr'><strong>moui</strong></span> <span class='ocrx_word' id='word_1_203' title='bbox 296 3350 422 3417; x_wconf 87' lang='lat' dir='ltr'><strong>sermonis</strong></span> <span class='ocrx_word' id='word_1_204' title='bbox 434 3353 537 3413; x_wconf 82' lang='lat' dir='ltr'><strong>ututur,</strong></span> <span class='ocrx_word' id='word_1_205' title='bbox 562 3352 722 3404; x_wconf 78' lang='lat' dir='ltr'><strong>tamennon</strong></span> <span class='ocrx_word' id='word_1_206' title='bbox 739 3348 848 3403; x_wconf 79' lang='lat' dir='ltr'><strong>eandem</strong></span> <span class='ocrx_word' id='word_1_207' title='bbox 870 3364 941 3425; x_wconf 76' lang='lat' dir='ltr'><strong>quoe</strong></span> <span class='ocrx_word' id='word_1_208' title='bbox 958 3349 1091 3404; x_wconf 86' lang='lat' dir='ltr'><strong>eommuui</strong></span> <span class='ocrx_word' id='word_1_209' title='bbox 1112 3349 1200 3404; x_wconf 87' lang='lat' dir='ltr'><strong>sensui</strong></span> <span class='ocrx_word' id='word_1_210' title='bbox 1221 3349 1325 3407; x_wconf 79' lang='lat' dir='ltr'><strong>udiuoet</strong></span> 
     </span>
     <span class='ocr_line' id='line_1_24' title="bbox 209 3431 1324 3506; baseline 0.004 -18"><span class='ocrx_word' id='word_1_211' title='bbox 209 3433 411 3505; x_wconf 76' lang='lat' dir='ltr'><strong>significantium</strong></span> <span class='ocrx_word' id='word_1_212' title='bbox 437 3435 561 3491; x_wconf 88' lang='lat' dir='ltr'><strong>eontinet.</strong></span> <span class='ocrx_word' id='word_1_213' title='bbox 596 3431 716 3504; x_wconf 78' lang='lat' dir='ltr'><strong>Namque</strong></span> <span class='ocrx_word' id='word_1_214' title='bbox 742 3433 874 3503; x_wconf 80' lang='lat' dir='ltr'><strong>quemuis,</strong></span> <span class='ocrx_word' id='word_1_215' title='bbox 900 3438 979 3503; x_wconf 81' lang='lat' dir='ltr'><strong>prout</strong></span> <span class='ocrx_word' id='word_1_216' title='bbox 1003 3433 1138 3504; x_wconf 81' lang='lat' dir='ltr'><strong>possemus</strong></span> <span class='ocrx_word' id='word_1_217' title='bbox 1163 3435 1324 3506; x_wconf 79' lang='lat' dir='ltr'><strong>intellegere,</strong></span> 
     </span>
     <span class='ocr_line' id='line_1_25' title="bbox 208 3510 1325 3590; baseline 0.003 -16"><span class='ocrx_word' id='word_1_218' title='bbox 208 3536 295 3574; x_wconf 85' lang='lat' dir='ltr'><strong>rerum</strong></span> <span class='ocrx_word' id='word_1_219' title='bbox 313 3519 462 3574; x_wconf 76' lang='lat' dir='ltr'><strong>coelestium</strong></span> <span class='ocrx_word' id='word_1_220' title='bbox 480 3520 685 3575; x_wconf 80' lang='lat' dir='ltr'><strong>enuntiationem</strong></span> <span class='ocrx_word' id='word_1_221' title='bbox 707 3520 851 3588; x_wconf 67' lang='lat' dir='ltr'><strong>temptauit,</strong></span> <span class='ocrx_word' id='word_1_222' title='bbox 873 3519 1000 3574; x_wconf 84' lang='lat' dir='ltr'><strong>uirtutem</strong></span> <span class='ocrx_word' id='word_1_223' title='bbox 1022 3510 1112 3574; x_wconf 77' lang='lat' dir='ltr'><strong>temen</strong></span> <span class='ocrx_word' id='word_1_224' title='bbox 1132 3520 1325 3590; x_wconf 80' lang='lat' dir='ltr'><strong>signiflountiue</strong></span> 
     </span>
     <span class='ocr_line' id='line_1_26' title="bbox 208 3604 940 3660; baseline 0 0"><span class='ocrx_word' id='word_1_225' title='bbox 208 3623 268 3660; x_wconf 80' lang='lat' dir='ltr'><strong>suae</strong></span> <span class='ocrx_word' id='word_1_226' title='bbox 286 3605 422 3660; x_wconf 80' lang='lat' dir='ltr'><strong>moderatu</strong></span> <span class='ocrx_word' id='word_1_227' title='bbox 438 3605 500 3659; x_wconf 76' lang='lat' dir='ltr'><strong>Boot</strong></span> <span class='ocrx_word' id='word_1_228' title='bbox 516 3605 657 3660; x_wconf 87' lang='lat' dir='ltr'><strong>uerborum</strong></span> <span class='ocrx_word' id='word_1_229' title='bbox 676 3604 799 3659; x_wconf 77' lang='lat' dir='ltr'><strong>electione</strong></span> <span class='ocrx_word' id='word_1_230' title='bbox 817 3605 940 3660; x_wconf 82' lang='lat' dir='ltr'><strong>seruauit.</strong></span> 
     </span>
    </p>
   </div>
   <div class='ocr_carea' id='block_1_6' title="bbox 142 3758 1324 4158">
    <p class='ocr_par' dir='ltr' id='par_1_6' title="bbox 250 3758 1323 3836">
     <span class='ocr_line' id='line_1_27' title="bbox 250 3758 1323 3836; baseline -0.004 -12"><span class='ocrx_word' id='word_1_231' title='bbox 250 3770 266 3824; x_wconf 83' lang='lat'>2</span> <span class='ocrx_word' id='word_1_232' title='bbox 287 3767 348 3822; x_wconf 87' lang='lat' dir='ltr'><strong>Uid.</strong></span> <span class='ocrx_word' id='word_1_233' title='bbox 370 3766 587 3836; x_wconf 74' lang='lat' dir='ltr'><strong>subscriptionem</strong></span> <span class='ocrx_word' id='word_1_234' title='bbox 608 3769 737 3822; x_wconf 63' lang='lat' dir='ltr'><strong>uerutus</strong></span> <span class='ocrx_word' id='word_1_235' title='bbox 759 3766 863 3835; x_wconf 81' lang='lat' dir='ltr'><strong>septimi</strong></span> <span class='ocrx_word' id='word_1_236' title='bbox 940 3766 1058 3823; x_wconf 70' lang='lat' dir='ltr'><strong>tuerbu</strong></span> <span class='ocrx_word' id='word_1_237' title='bbox 1081 3758 1323 3832; x_wconf 78' lang='grc' dir='ltr'>δοωιΝε-ιΝ</span> 
     </span>
    </p>

    <p class='ocr_par' dir='ltr' id='par_1_7' title="bbox 142 3852 1324 3940">
     <span class='ocr_line' id='line_1_28' title="bbox 142 3852 1324 3940; baseline -0.003 -9"><span class='ocrx_word' id='word_1_238' title='bbox 142 3888 144 3892; x_wconf 64' lang='grc'><strong>”</strong></span> <span class='ocrx_word' id='word_1_239' title='bbox 208 3852 355 3940; x_wconf 65' lang='grc' dir='ltr'>ΒυκςυκΙ</span> <span class='ocrx_word' id='word_1_240' title='bbox 372 3872 425 3924; x_wconf 87' lang='lat' dir='ltr'><strong>tres</strong></span> <span class='ocrx_word' id='word_1_241' title='bbox 442 3885 534 3924; x_wconf 87' lang='lat' dir='ltr'><strong>uersus</strong></span> <span class='ocrx_word' id='word_1_242' title='bbox 552 3869 709 3939; x_wconf 76' lang='lat' dir='ltr'><strong>complentis</strong></span> <span class='ocrx_word' id='word_1_243' title='bbox 726 3868 805 3923; x_wconf 85' lang='lat' dir='ltr'><strong>rubro</strong></span> <span class='ocrx_word' id='word_1_244' title='bbox 819 3867 903 3923; x_wconf 87' lang='lat' dir='ltr'><strong>eolore</strong></span> <span class='ocrx_word' id='word_1_245' title='bbox 914 3873 1019 3925; x_wconf 81' lang='lat' dir='ltr'><strong>exorsis·</strong></span> <span class='ocrx_word' id='word_1_246' title='bbox 1029 3875 1092 3926; x_wconf 84' lang='lat' dir='ltr'><strong>sunt</strong></span> <span class='ocrx_word' id='word_1_247' title='bbox 1167 3873 1324 3934; x_wconf 60' lang='lat' dir='ltr'><strong>irrosus</strong></span> 
     </span>
    </p>

    <p class='ocr_par' dir='ltr' id='par_1_8' title="bbox 210 3953 1320 4158">
     <span class='ocr_line' id='line_1_29' title="bbox 210 3953 1320 4060; baseline 0.005 -34"><span class='ocrx_word' id='word_1_248' title='bbox 210 3960 396 4051; x_wconf 56' lang='lat' dir='ltr'><strong>coricum,</strong></span> <span class='ocrx_word' id='word_1_249' title='bbox 415 3972 473 4042; x_wconf 71' lang='lat' dir='ltr'><strong>syn.</strong></span> <span class='ocrx_word' id='word_1_250' title='bbox 492 3982 562 4044; x_wconf 73' lang='lat' dir='ltr'><strong>eor</strong></span> <span class='ocrx_word' id='word_1_251' title='bbox 585 3972 661 4041; x_wconf 75' lang='lat' dir='ltr'><strong>nigro</strong></span> <span class='ocrx_word' id='word_1_252' title='bbox 676 3971 723 4026; x_wconf 83' lang='lat' dir='ltr'><strong>nn.</strong></span> <span class='ocrx_word' id='word_1_253' title='bbox 742 3971 791 4027; x_wconf 74' lang='lat' dir='ltr'><strong>uer.</strong></span> <span class='ocrx_word' id='word_1_254' title='bbox 877 3953 994 4051; x_wconf 57' lang='lat' dir='ltr'><strong>ursei,</strong></span> <span class='ocrx_word' id='word_1_255' title='bbox 1018 3973 1046 4027; x_wconf 79' lang='lat' dir='ltr'><strong>n</strong></span> <span class='ocrx_word' id='word_1_256' title='bbox 1064 3989 1147 4043; x_wconf 69' lang='lat' dir='ltr'><strong>marg.</strong></span> <span class='ocrx_word' id='word_1_257' title='bbox 1216 3978 1320 4060; x_wconf 70' lang='lat' dir='ltr'><strong>oper</strong></span> 
     </span>
     <span class='ocr_line' id='line_1_30' title="bbox 210 4061 1214 4158; baseline -0.005 -22"><span class='ocrx_word' id='word_1_258' title='bbox 210 4068 445 4137; x_wconf 68' lang='grc' dir='ltr'>ἓίκυῐΑΝδΑε</span> <span class='ocrx_word' id='word_1_259' title='bbox 549 4077 581 4131; x_wconf 87' lang='grc'><strong>15</strong></span> <span class='ocrx_word' id='word_1_260' title='bbox 599 4061 764 4158; x_wconf 50' lang='lat' dir='ltr'><strong>(nesius,</strong></span> <span class='ocrx_word' id='word_1_261' title='bbox 787 4074 859 4144; x_wconf 87' lang='lat' dir='ltr'><strong>prior</strong></span> <span class='ocrx_word' id='word_1_262' title='bbox 882 4085 898 4156; x_wconf 65' lang='lat' dir='ltr'>y</span> <span class='ocrx_word' id='word_1_263' title='bbox 919 4074 989 4129; x_wconf 76' lang='lat' dir='ltr'><strong>liues</strong></span> <span class='ocrx_word' id='word_1_264' title='bbox 1005 4077 1032 4129; x_wconf 88' lang='lat' dir='ltr'><strong>ot</strong></span> <span class='ocrx_word' id='word_1_265' title='bbox 1048 4079 1145 4144; x_wconf 84' lang='lat' dir='ltr'><strong>puncto</strong></span> <span class='ocrx_word' id='word_1_266' title='bbox 1164 4075 1214 4132; x_wconf 85' lang='lat' dir='ltr'><strong>del</strong></span> 
     </span>
    </p>
   </div>
   <div class='ocr_carea' id='block_1_7' title="bbox 0 0 1410 4634">
    <p class='ocr_par' dir='ltr' id='par_1_9' title="bbox 0 0 1410 4634">
     <span class='ocr_line' id='line_1_31' title="bbox 0 0 1410 4634; baseline 0 2"><span class='ocrx_word' id='word_1_267' title='bbox 0 0 1410 4634; x_wconf 95' lang='lat' dir='ltr'><strong> </strong></span> 
     </span>
    </p>
   </div>
  </div>
 </body>
</html>
