2812 4634
454 779 832 896 PlllSOlLLllNl

373 1007 653 1090 cononicus
686 1006 915 1091 rusculo.

1203 1197 1292 1239 Wircob.
1308 1197 1346 1238 tol.

126 1265 195 1330 atsi
230 1265 298 1349 ipsa
333 1271 443 1329 natura
478 1281 534 1329 nos
571 1267 659 1330 docet
694 1267 774 1330 inter
809 1266 1014 1348 inexploratae
1049 1266 1202 1330 humanae
1229 1277 1266 1329 75
1371 1348 1372 1352 Ἰ

88 1368 169 1431 uitae
198 1368 444 1432 conuersatiouos
468 1372 499 1432 ot
520 1369 662 1451 indiguas
685 1369 741 1431 deo
763 1369 878 1432 saeculi
900 1367 1124 1432 mensurabiles
1146 1386 1203 1450 pu-

64 1487 165 1552 cgnas
194 1469 271 1534 nihil
292 1471 398 1533 utilius
421 1489 488 1534 esse
509 1470 627 1534 homini
649 1487 743 1551 quarn
764 1488 818 1552 per
848 1488 955 1534 omnes
979 1471 1044 1534 dies
1067 1487 1104 1532 eo
1126 1488 1203 1551 qrrao

87 1571 202 1635 saeculi
229 1576 303 1635 sunt
325 1573 424 1636 amica
451 1591 594 1655 respuere
616 1575 647 1636 et
673 1573 794 1636 diuinae
816 1572 1019 1636 institutionis
1041 1576 1203 1654 praecepta

86 1692 219 1753 seruare,
251 1674 370 1738 dicente
393 1676 544 1757 apostolo:
575 1675 692 1738 omnis
721 1674 886 1758 amicitia
908 1674 1032 1737 mundi
1054 1675 1203 1738 inimica

87 1781 141 1840 ost
170 1776 237 1856 dei,
271 1780 302 1839 et
333 1776 445 1840 itemm
477 1777 596 1859 profeta
629 1777 762 1840 dicente:
796 1794 867 1839 non
889 1777 1011 1840 tardes
1034 1777 1203 1840 conuerti

86 1880 127 1943 ad
159 1878 341 1942 dominum
371 1882 406 1942 ct
434 1897 477 1941 ne
507 1878 662 1942 differas
692 1879 733 1941 de
759 1879 817 1942 die
839 1879 875 1942 in
898 1878 965 1959 dio,
995 1882 1100 1942 tumen
1121 1897 1203 1943 mor·

31 1981 195 2044 metalium
222 1998 352 2044 scnsuus
381 1999 484 2044 rerum
515 1981 717 2044 saecularium
743 1981 953 2045 familiaritate
975 1981 1089 2062 captiui
1121 1981 1203 2045 intra

86 2083 239 2146 humanae
267 2079 484 2168 inbecillitatis
515 2083 698 2146 clauduntur
728 2101 860 2146 errorem
890 2087 922 2146 ct
951 2101 1071 2165 semper
1100 2083 1203 2146 hrono

86 2185 242 2250 miseratio
275 2185 354 2249 inter
387 2188 433 2248 tot
465 2185 639 2249 inconsulta
672 2185 833 2270 naufragio
870 2187 956 2249 uelut
991 2185 1051 2248 fine
1083 2185 1203 2266 pericli-

85 2281 221 2352 tantibus
255 2286 345 2350 statio
377 2291 407 2357 et
436 2287 577 2370 optabilis
607 2291 712 2370 portus
744 2289 882 2351 occurrit.
917 2285 1051 2351 Unicum
1081 2287 1202 2350 diuinae

85 2389 255 2454 sententiae
291 2389 417 2452 modum
457 2390 610 2472 profeticis
651 2390 778 2455 uocibus
820 2389 1069 2472 adpraehendens
1110 2389 1203 2471 glori·

47 2510 174 2573 uosum
202 2491 387 2575 pascharum
417 2491 497 2556 diem
527 2493 601 2556 dous
628 2494 739 2575 posuit,
769 2496 814 2572 ut,
844 2492 987 2574 quamuis
1013 2511 1067 2575 per
1095 2508 1202 2574 omnes
1242 2519 1245 2524 ·
1363 2530 1366 2538 ,

85 2596 150 2659 dies
165 2594 280 2658 seruire
302 2593 361 2658 sibi
380 2594 520 2658 homines
543 2613 614 2659 suos
638 2595 713 2660 deus
728 2595 832 2675 uellet
854 2599 969 2674 tamen,
993 2595 1064 2676 quie
1086 2595 1202 2659 omnis
1319 2665 1320 2668 Ἴ

84 2697 240 2761 mundus
260 2697 297 2760 iu
320 2697 480 2780 maligno
502 2698 647 2780 positus
670 2701 728 2762 est
750 2701 781 2762 et
796 2697 870 2760 dum
885 2698 988 2761 nullus
1011 2696 1139 2761 infinitis
1155 2707 1204 2763 est

83 2800 154 2864 finis
178 2799 236 2863 fixo
258 2799 290 2862 in
312 2798 438 2862 lubricis
460 2817 568 2882 gressu
590 2801 717 2863 modurn
743 2818 805 2864 non
826 2799 1044 2864 constituimus
1066 2800 1201 2880 incertis,

186 2971 201 3022 7
219 2968 271 3021 Iao.
284 2970 308 3031 4,
321 2970 350 3030 43
362 2966 395 3020 cf.
407 2968 488 3021 Prisc.
502 2984 557 3022 can.
572 2968 667 3022 XXIX.
735 2971 752 3025 8
769 2965 849 3029 sirpo.
862 2973 886 3033 5,
898 2973 922 3025 8.
989 2971 1020 3025 16
1038 2968 1059 3021 Ι.
1072 2969 1109 3022 Io.
1123 2973 1147 3033 5,
1160 2969 1201 3024 19.

187 3125 219 3178 10
237 3121 277 3177 Ol.
289 3121 357 3189 Hit,
370 3121 402 3175 cle
414 3124 475 3176 tric.
489 3123 513 3190 I,
525 3127 559 3176 19
577 3123 657 3190 (infre
672 3139 698 3192 p.
712 3126 753 3187 69,
767 3123 817 3192 11).
871 3126 901 3179 11
920 3123 966 3190 iu,
979 3124 1003 3189 I,
1015 3128 1032 3176 7
1037 3142 1045 3176 .·
1063 3137 1124 3175 curn
1141 3120 1202 3175 reli·

82 3209 157 3278 glosa
168 3223 242 3261 meus
253 3207 325 3260 intro
336 3204 524 3261 imbecillitatis
533 3223 595 3260 suae
604 3206 802 3262 concluderetur
811 3224 937 3271 errorom;
950 3207 983 3261 cf.
992 3207 1063 3261 infru
1072 3220 1098 3276 p.
1110 3210 1166 3271 104,
1178 3211 1201 3263 1.

126 3378 214 3435 aoid.
225 3377 444 3447 subscriptionem
453 3381 582 3432 tractatus
590 3380 671 3433 tertii.
686 3420 693 3436 .
744 3378 864 3436 acerba:
879 3362 1201 3440 εῐΒΙ--εοΝυειιεΑΙ

81 3470 137 3520 tros
162 3463 321 3532 complentia
345 3479 435 3516 uersus
461 3462 540 3517 rubro
566 3464 651 3518 coloro
677 3467 781 3518 exarata
806 3467 868 3518 sunt
945 3468 963 3519 4
989 3464 1070 3518 furiose
1095 3464 1201 3518 uidetur

84 3547 569 3644 orraeotcorooersa'rroroes‚
586 3576 626 3625 ot
639 3567 662 3635 (r
675 3567 707 3621 cf.
720 3584 800 3636 supra
811 3570 852 3631 53,
862 3567 905 3635 25)
918 3583 967 3620 ras.
980 3566 1029 3621 del.
1094 3568 1110 3622 6
1128 3552 1202 3628 sae*

83 3652 440 3758 cul1]‚eratsbe¹t010,
460 3679 479 3727 o
498 3667 613 3722 deletum
632 3672 658 3723 ct
682 3681 689 3727 r
709 3669 739 3722 in
760 3685 810 3723 ras.
832 3669 948 3738 positum
1050 3673 1066 3726 9
1091 3659 1201 3738 trebie]

81 3770 136 3825 nid'.
155 3787 220 3839 quae
237 3770 266 3823 iu
283 3769 363 3839 proci.
377 3785 431 3838 cap.
443 3769 473 3822 11
491 3769 523 3824 de
535 3786 657 3839 oppressa
668 3771 757 3826 littera
767 3770 796 3824 11
808 3772 925 3840 congessi
978 3775 1008 3828 11
1029 3760 1199 3831 homme

130 3865 245 3963 ortum
247 3883 337 3961 dram¹
346 3884 352 3930 ι
355 3857 521 3960 Jtorraclo,
539 3873 777 3940 contumulet
848 3875 881 3928 13
899 3864 1028 3933 orosae
1081 3877 1113 3928 14
1129 3885 1197 3956 pao

81 4011 198 4114 probos
302 3985 494 4099 clouroso‘b',
518 4035 539 4085 s
559 4027 596 4094 (in
621 4030 675 4094 os)
695 4027 740 4082 lin.
759 4025 809 4081 oet
897 4029 929 4082 15
947 4035 1087 4106 omrem,
1113 4038 1170 4088 rex
1189 4040 1196 4086 ι

78 4132 142 4187 fact
209 4132 241 4186 16
260 4119 516 4206 bolonorum
536 4140 543 4187 t
563 4128 624 4183 fact
