2812 4634
130 308 228 366 xvxn

130 476 302 558 promiscue
320 478 482 539 occurrunt
497 476 659 539 diiudicare
675 477 706 538 et
720 474 912 555 disiudicare,
935 475 1047 539 eclesia
1062 479 1096 540 et
1108 477 1246 557 ecclesia,

130 579 230 661 inpius
253 581 285 642 et
302 579 424 659 impius,
447 579 566 659 profeta
588 581 619 641 et
633 577 790 659 propheta,
814 596 922 641 sensus
945 581 976 641 et
999 566 1138 658 sensuus,
1163 598 1247 643 zena-

131 681 182 744 nia
201 684 233 744 et
252 681 375 759 zizania,
391 682 429 744 al.
467 680 603 760 Quarum
624 698 728 743 rerum
749 678 892 760 indicem,
915 698 985 743 oum
1008 683 1188 763 praesertim
1211 701 1247 744 ex

130 785 217 864 parte
251 782 290 846 ad
319 783 480 846 uocalismi
515 800 608 864 quem
647 783 752 846 dicunt
788 786 820 846 et
856 783 1067 848 declinationis
1105 787 1136 848 et
1172 785 1246 848 adeo

131 886 266 967 syntaxis
293 887 377 967 leges
403 887 503 968 potius
526 887 699 967 pertineant
724 903 817 966 quam
844 885 883 949 ad
909 886 1166 968 orthographiam,
1197 888 1247 950 hio

130 993 268 1070 repetere
281 990 472 1070 supersedeo,
489 989 633 1069 quoniam
648 992 679 1052 et
693 988 725 1051 in
736 987 905 1052 Woelfflini
916 987 1009 1052 Arch.
1022 990 1043 1052 f.
1053 990 1106 1053 lat.
1118 980 1247 1052 1100110-

131 1091 267 1174 graphia,
290 1095 364 1155 tom.
380 1091 438 1170 III,
460 1111 489 1173 p.
507 1090 676 1152 311-314
702 1091 857 1173 grauiores
887 1092 1123 1155 consonantium
1143 1095 1246 1155 etuo-

131 1193 244 1257 calium
266 1195 449 1258 mutationes
473 1194 618 1275 descripsi
647 1197 679 1257 et
707 1194 947 1274 uniuscuiusque
978 1193 1119 1258 uocabuli
1145 1195 1247 1258 ortho-

130 1296 291 1377 graphiam
314 1297 412 1377 qualis
439 1300 486 1360 est
511 1297 543 1359 in
570 1296 672 1360 codice
699 1299 839 1359 accurate
868 1297 1004 1378 expressi
1033 1297 1065 1360 in
1093 1295 1246 1359 indicibus

131 1399 225 1471 meis;
248 1397 409 1479 inquibus
433 1399 609 1462 euoluendis
632 1415 692 1462 non
713 1398 839 1477 erratio,
869 1399 895 1461 si
918 1398 1085 1463 attenderis
1107 1417 1142 1462 ae
1166 1403 1196 1462 et
1219 1418 1245 1477 e,

131 1520 147 1564 e
179 1503 208 1564 et
237 1502 248 1564 i
277 1499 327 1583 (de
357 1506 388 1565 et
415 1501 468 1582 di),
497 1521 518 1565 n
548 1505 579 1564 et
608 1518 634 1580 o,
665 1501 707 1582 ph
734 1505 766 1565 et
794 1501 809 1564 f
836 1519 926 1581 saepe
952 1503 1032 1565 inter
1060 1521 1093 1564 se
1123 1521 1246 1584 permu-

131 1604 206 1682 tari,
237 1605 453 1687 aspirationem
482 1605 503 1668 h
532 1605 622 1667 modo
651 1604 721 1667 addi
752 1604 841 1667 modo
876 1604 957 1668 demi
986 1609 1091 1668 contra
1125 1609 1245 1668 nostrae

131 1707 240 1770 aetatis
263 1725 390 1786 morem,
413 1707 652 1789 praepositiones
676 1707 849 1770 assimulari
874 1724 935 1770 non
962 1708 1067 1771 solere.
1155 1706 1246 1770 Suffi-

131 1809 191 1871 ciet
212 1809 303 1892 igitur
325 1810 382 1872 hoc
404 1810 469 1873 loco
493 1828 529 1873 ea
551 1827 729 1872 enumerare
750 1808 925 1872 fluctuantis
944 1810 1178 1891 orthographiae
1191 1827 1246 1872 no-

131 1909 250 1990 cabula,
279 1912 311 1975 in
341 1911 451 1992 quibus
480 1912 632 1991 librarius,
664 1912 795 1992 ahoquin
821 1912 910 1976 modo
937 1912 1017 1974 hanc
1044 1912 1133 1975 modo
1160 1912 1245 1974 illam

131 2013 262 2077 formam
289 2015 468 2093 admittens,
499 2014 678 2078 correcturis
708 2015 867 2093 indicauit,
896 2018 997 2077 utram
1023 2014 1154 2078 formam
1181 2034 1246 2076 me-

130 2116 237 2179 dorem
260 2135 326 2180 esse
349 2120 503 2189 censeret;
532 2120 604 2180 sunt
630 2116 693 2179 fere
716 2116 748 2178 hi
770 2117 845 2180 loci:
882 2121 1093 2176 uelamentum
1116 2141 1147 2177 aa
1169 2122 1244 2178 alam.

131 2235 196 2272 corr.
215 2219 256 2280 60,
273 2219 318 2281 21,
347 2216 550 2272 cottidianus
572 2234 604 2272 aa
625 2216 771 2270 cotidianus
789 2219 830 2281 10,
844 2218 887 2278 16;
909 2215 1134 2270 demonstrans
1152 2233 1183 2271 ac
1201 2215 1246 2269 de-

130 2328 266 2382 monstans
283 2329 324 2394 98,
340 2331 358 2384 4
374 2327 443 2398 [uid.
461 2347 546 2398 capro
563 2329 595 2385 dc
612 2329 763 2383 dirimende
779 2329 839 2396 apli.
857 2328 905 2381 a¹tr
924 2334 948 2382 et
964 2327 1119 2380 conlimatur
1142 2329 1181 2390 73,
1201 2330 1245 2394 19,

131 2416 164 2482 cf.
177 2432 197 2468 e.
209 2431 233 2484 p.
247 2414 395 2469 demonstat
412 2421 436 2469 et
453 2415 545 2467 sinista
562 2415 637 2483 apud
652 2412 880 2480 Commodianum,
897 2414 936 2467 od.
949 2413 1089 2481 Dombart,
1102 2387 1247 2481 08612,

130 2503 173 2567 87,
187 2498 247 2569 21],
270 2500 432 2568 despicere
454 2517 486 2554 ea
503 2499 627 2567 dispicere
646 2500 690 2563 73,
707 2500 752 2559 22,
770 2500 811 2561 96,
824 2501 870 2564 25,
888 2500 987 2559 9817,
1006 2497 1137 2551 diabulo
1155 2516 1187 2553 aa
1204 2514 1246 2551 aa

130 2583 192 2638 bulo
206 2587 246 2648 13,
260 2588 292 2640 16
308 2587 365 2652 (ubi
377 2587 455 2640 debui
470 2583 538 2638 diab.
551 2586 582 2638 ira
593 2590 691 2639 lentam
702 2584 838 2652 recipcre);
855 2582 1034 2636 diabolicae
1052 2601 1084 2638 ex
1101 2582 1245 2637 diabulicae

132 2672 172 2733 61,
190 2672 235 2732 16;
257 2667 466 2738 (disrumpere
488 2687 520 2725 00
537 2668 698 2736 dirrumpere
718 2670 757 2731 12,
771 2671 826 2733 11),
848 2687 918 2723 mm.
936 2667 1020 2721 fides
1037 2686 1069 2722 aa
1086 2666 1145 2720 fidis
1163 2671 1204 2730 34,
1216 2671 1246 2731 3,

130 2755 181 2808 his
199 2773 231 2811 ea
247 2755 298 2808 hiis
316 2758 414 2819 88,1'l;
439 2773 508 2810 raom.
527 2754 681 2808 Iohannis
698 2771 730 2808 aa
751 2753 881 2806 Iohannes
904 2755 947 2818 13,
967 2756 1011 2816 10,
1037 2752 1196 2806 iudicabit
1213 2771 1246 2809 aa

131 2840 360 2906 iudicauit41,15;
371 2841 469 2908 ligari
481 2857 513 2895 ex
524 2840 605 2907 legari
613 2828 709 2904 4019,
720 2840 812 2903 8314,
823 2838 976 2907 parabola
987 2856 1019 2894 ec
1030 2837 1156 2906 parabule
1167 2841 1190 2902 8,
1204 2841 1245 2903 17,

133 2928 172 2990 12,
184 2928 231 2990 22,
249 2927 290 2989 28,
307 2929 335 2990 8,
354 2925 504 2994 (populus
521 2942 553 2979 aa
569 2924 682 2994 pupulus
700 2926 741 2988 60,
758 2927 805 2988 22,
823 2927 864 2988 88,
882 2915 910 2987 4,
929 2926 969 2988 94,
988 2926 1027 2993 1),
1055 2925 1194 2992 pretium
1213 2940 1267 2979 ex*

131 3011 260 3080 praetium
278 3013 323 3076 95,
340 3013 385 3075 24,
408 3010 584 3063 saecularis
602 3028 634 3065 ex
651 3009 772 3062 secularis
784 3011 825 3072 83,
839 3012 866 3074 1,
885 3008 1053 3063 sollemnia
1071 3026 1103 3063 aa
1120 3009 1247 3062 solemnia

133 3099 215 3161 71,1;
233 3085 369 3164 spiritus
387 3113 418 3151 ec
436 3097 560 3164 spirituus
579 3097 620 3159 13,
633 3099 678 3160 11,
696 3098 843 3148 terrenus
861 3113 893 3149 aa
910 3097 1044 3148 terraenae
1062 3097 1103 3158 60,
1116 3097 1144 3157 6,
1162 3097 1202 3157 62,
1216 3097 1245 3160 4,

132 3211 164 3220 -
177 3184 210 3250 cf.
223 3180 390 3244 consuetudo,
403 3180 556 3248 corruptela,
575 3180 728 3248 cyparissos,
744 3179 918 3247 languescere,
936 3195 1075 3248 synagoga,
1094 3178 1246 3242 tolerabilis,

131 3278 210 3344 typus
227 3277 285 3330 sim.
389 3268 448 3332 Sed
470 3269 506 3330 de
530 3267 589 3331 alia
611 3285 731 3348 quoque
757 3287 790 3330 re
816 3267 848 3330 in
875 3266 980 3330 multis
1006 3267 1136 3329 uetustis
1164 3267 1246 3328 codi-

132 3371 218 3434 cibus
240 3371 404 3451 conspicna
426 3371 455 3433 h.
476 3371 497 3433 1.
518 3369 679 3433 dicendum
702 3388 768 3432 esse
791 3370 921 3432 uidetur.
966 3369 1081 3432 Littera
1103 3370 1185 3431 enim
1208 3385 1244 3434 m

133 3491 213 3537 nunc
236 3473 388 3556 superflua
411 3477 442 3536 et
464 3473 551 3553 quasi
573 3472 735 3554 parasitica
756 3472 787 3535 in
803 3471 864 3535 fine
880 3472 1097 3535 uocabulorum
1115 3471 1244 3550 additur,

132 3594 214 3640 nunc
240 3561 293 3639 ubi
318 3576 424 3639 deesse
455 3593 516 3638 non
543 3574 649 3638 debuit
678 3575 864 3657 opprimitur.
909 3574 1034 3638 Retinui
1060 3572 1245 3653 ubicumque

133 3679 204 3742 ferri
226 3679 326 3762 potuit
347 3678 458 3742 codicis
482 3679 680 3760 scripturam3
704 3695 794 3758 saepe
817 3677 1043 3740 0010011110ῐο
1065 3692 1111 3754 ur,
1138 3674 1191 3737 ubi
1212 3676 1245 3737 in

133 3800 241 3846 uersus
262 3781 323 3851 fine
343 3785 477 3865 apparet,
499 3799 553 3863 per
568 3784 592 3790 ”
609 3780 784 3862 exprimitur
807 3777 858 3862 (ci.
876 3797 968 3862 supra
985 3799 1015 3861 p.
1031 3778 1128 3859 XVI),
1152 3795 1245 3857 quam

133 3902 199 3947 rem
219 3885 251 3946 in
274 3884 333 3946 hac
355 3902 474 3966 quoque
496 3882 603 3946 tabula
624 3882 762 3946 obseruo.

175 4009 197 4066 I.
217 4020 251 4069 m
261 4010 473 4078 parasiticum
490 4010 514 4077 a)
528 4009 707 4062 remissionem
721 4024 842 4063 concessa
851 4012 908 4073 5,4,
920 4022 1025 4061 omnem
1035 4007 1162 4060 excelsum
1172 4006 1245 4060 uidet

133 4098 233 4159 2512,
251 4111 329 4162 supra
347 4093 565 4148 00000001οοοιοο
583 4096 623 4156 30,
636 4095 665 4158 3,
684 4094 774 4160 (erexit
791 4109 899 4147 cornum
917 4092 1025 4159 3219),
1044 4108 1095 4145 000
1114 4091 1246 4144 modicam

134 4180 231 4235 indulti
248 4181 332 4250 operis
345 4179 498 4249 magnitudo
511 4182 551 4244 48,
564 4182 592 4244 9,
611 4180 694 4233 sciens
712 4179 1003 4243 0000010011οῗ55,13,
1022 4175 1244 4230 consuetudineml
