2812 4634
210 299 253 362 46
667 311 869 380 Priscilliaui
958 388 960 391 v

212 470 272 552 qui
302 471 344 534 ab
373 470 483 534 initio
513 468 652 533 saeculi
677 468 966 549 profetaueruut.
1004 467 1131 547 Quando
1153 469 1327 534 incanone

138 562 140 566 ’
211 572 346 656 profetae
374 570 440 635 Noe
468 569 547 635 liber
575 557 674 633 lectus
703 572 771 634 est?
808 570 877 651 qnis
905 569 986 634 inter
1016 570 1150 652 profetas
1183 569 1327 653 dispositi

212 672 346 757 cainonis
368 671 513 736 Abrahae
534 670 648 735 librum
669 671 766 754 legit?
788 672 856 754 quis
879 672 960 754 quod
982 671 1143 752 aliquando
1165 671 1233 737 Isac
1253 689 1326 754 pro·

204 774 341 840 'fetasset
363 774 504 839 edocuit?
537 774 605 855 quis
627 769 791 856 profetiam
811 773 904 837 Iacob
933 773 1013 855 quod
1033 773 1067 838 in
1089 790 1204 838 canone
1229 792 1325 856 pone·

97 934 99 938 .
211 881 297 942 retur
317 877 462 942 audititi
491 874 573 955 Quos
595 876 622 939 si
644 874 741 939 Tabia
761 876 838 958 legit
859 878 891 939 et
912 876 1124 941 testimonium
1145 876 1353 959 propheticos

213 981 246 1044 in
267 996 382 1044 canone
403 978 581 1061 promeruit,
610 977 751 1059 qualiter,
775 978 855 1059 quod
877 977 922 1041 iiii
944 977 982 1041 ad
1004 977 1215 1054 testimonium
1240 997 1325 1042 eme·

212 1083 290 1147 ritae
311 1082 435 1145 uirtutis
465 1080 563 1159 detur,
593 1079 697 1143 alteris
720 1079 758 1143 ad
780 1080 970 1143 occasionem
992 1079 1091 1143 iustae
1117 1079 1324 1149 damnationis

214 1183 417 1248 adscribitur?
453 1183 538 1247 Inter
568 1199 645 1263 quae
667 1182 829 1264 ignoscant
851 1182 965 1264 singuli
987 1183 1109 1264 quique,
1136 1183 1162 1246 si
1184 1182 1324 1255 damnari

213 1296 284 1354 cum
304 1286 461 1369 prophetis
482 1284 532 1348 dei
553 1284 718 1363 malumus,
741 1302 834 1366 quam
856 1302 927 1347 cum
948 1284 997 1348 his
1019 1285 1073 1367 qui
1094 1285 1217 1349 incauta
1234 1303 1324 1367 prae-

93 1438 95 1442 ,
213 1392 340 1453 sumunt
368 1407 404 1453 ea
432 1405 510 1469 quse
534 1390 606 1451 sunt
631 1387 774 1470 religiosa
796 1386 985 1450 damnemus.
1024 1386 1098 1466 Quis
1129 1387 1211 1451 enim
1233 1405 1322 1453 accu-
1337 1403 1367 1444 ιο

213 1479 313 1556 satore
333 1491 399 1554 Noe
428 1489 524 1552 diuini
553 1489 657 1553 indicii
685 1488 905 1572 disceptatione
935 1506 996 1553 non
1023 1489 1153 1553 timeat?
1189 1489 1235 1552 De
1261 1508 1322 1571 quo

153 1589 466 1679 conpescuerunt
501 1591 574 1655 Noe
604 1591 740 1655 iustum
769 1591 940 1655 iustitiae
965 1608 1179 1674 praeconem
1202 1596 1322 1657 custo·

213 1695 309 1759 diuit
330 1694 585 1758 cataclismum
607 1694 738 1758 mundo
760 1712 867 1775 super
889 1690 1021 1777 impios
1036 1694 1222 1757 inducens.
1245 1693 1322 1774 Quis

64 1802 66 1807 ’
112 1792 115 1797 ‘
160 1837 162 1840 -
213 1795 381 1867 Abrahae
395 1793 532 1879 profetae
547 1796 667 1860 sinum
682 1797 721 1859 ed
735 1795 847 1876 quietis
863 1797 1075 1860 testimonium
1089 1813 1150 1860 non
1164 1795 1323 1891 requirat?

213 1900 283 1980 quis
304 1899 439 1980 reputari
460 1898 496 1962 in
519 1897 600 1961 isac
621 1915 743 1960 semen
761 1898 860 1961 nolit?
882 1898 950 1980 quis
971 1897 1062 1962 Iacob
1086 1896 1202 1962 dictum
1224 1916 1242 1962 a
1264 1899 1322 1962 deo
1337 1915 1367 1954 re

213 2000 387 2065 Faraonis
402 2001 506 2067 deum
521 2017 582 2064 non
598 1999 700 2064 amet?
731 2003 785 2064 aut
799 2000 868 2081 quis
883 2017 944 2065 non
959 2000 1122 2063 memorias
1144 2004 1322 2073 sanctornm

212 2120 358 2186 respuens
387 2102 592 2180 intremescat,
622 2119 693 2164 cum
720 2100 869 2165 scribtum
892 2102 946 2165 sit:
977 2118 1080 2166 amen
1106 2102 1185 2165 dico
1214 2101 1322 2167 uobis

201 2205 306 2287 -quod
335 2205 396 2287 qui
423 2203 733 2267 scandeliaauerit
754 2203 944 2267 minimum
967 2222 1008 2266 ex
1029 2204 1086 2271 his
1116 2195 1190 2284 qni
1207 2205 1322 2268 credi-

213 2308 348 2372 derunt·
373 2307 410 2371 in
439 2306 585 2370 nomine
614 2323 691 2368 meo
719 2303 853 2369 bonum
880 2309 938 2370 est
969 2306 1026 2370 illi
1054 2306 1164 2390 ligari
1189 2307 1321 2371 molam

213 2410 411 2485 asinariam
444 2414 479 2471 et
507 2409 543 2471 in
572 2407 791 2489 profundum
820 2408 931 2472 maris
961 2409 1070 2472 mitti.
1115 2408 1201 2489 Quod
1230 2410 1258 2472 si
1284 2408 1369 2472 desc

164 2583 166 2589 y
213 2512 349 2575 minimis
371 2511 504 2588 dicitur,
537 2509 605 2572 uolo
629 2510 714 2589 scire,
744 2509 817 2590 quid
840 2510 876 2572 de
898 2510 947 2573 his
961 2511 1027 2591 vqui
1049 2510 1088 2574 ad
1109 2509 1201 2574 fidem
1227 2512 1322 2594 primi

118 2656 119 2659 κ
213 2618 286 2678 sunt
313 2613 536 2695 pronuntiatur.
572 2611 609 2674 In
639 2610 751 2692 quibus
777 2615 882 2675 tamen
908 2611 1050 2676 omnibus
1080 2611 1175 2676 libris,
1190 2630 1250 2677 non
1273 2617 1323 2678 est

208 2718 324 2795 metus,
346 2715 380 2779 si
402 2731 462 2799 qua
484 2714 521 2777 ab
545 2711 718 2777 infelicibus
740 2714 883 2777 hereticis
906 2717 979 2777 sunt
1007 2713 1132 2794 inserta,
1162 2715 1260 2778 delere
1290 2719 1323 2780 et

125 2822 127 2826 ’
207 2816 317 2902 (quae)
340 2815 467 2898 profetis
490 2815 540 2878 uel
569 2804 820 2897 euangeliis'ncn
846 2816 1046 2879 inueniuntur
1074 2817 1244 2880 consentire
1272 2835 1322 2880 re·

213 2924 330 3002 spuere.
365 2918 430 2983 Nec
452 2917 534 2981 enim
555 2917 600 2980 illi
623 2917 682 2999 ipsi
703 2917 759 2980 deo
782 2917 880 2980 sancti
902 2917 1095 2981 mendacium
1116 2918 1149 2982 in
1178 2919 1260 2982 ueris
1288 2923 1364 2985 eru

146 3094 148 3097 ,
213 3022 362 3104 sacrilega
383 3021 609 3102 amplectuntur
630 3019 680 3082 uel
702 3017 895 3083 detestabilia
919 3037 973 3102 pro
995 3020 1120 3100 sanctis,
1149 3021 1322 3103 meliusque
1354 3087 1356 3092 .

213 3131 261 3188 est
289 3123 435 3187 rezonis
463 3122 504 3185 de
533 3119 702 3205 frugibus
732 3121 864 3185 tollere
885 3140 977 3202 quam
999 3141 1086 3204 spem
1107 3121 1180 3186 boni
1202 3123 1321 3188 fruct-us

205 3229 335 3309 ,propter
366 3224 481 3288 amanis
512 3222 690 3305 perdidisse,
727 3222 808 3303 quod
840 3228 1000 3306 propterea
1036 3241 1106 3286 cum
1139 3224 1203 3287 suis
1239 3225 1322 3289 inter

208 3327 321 3393 'sancta
345 3326 497 3390 zabulus
527 3324 699 3405 inseruit,
729 3328 773 3404 ut,
803 3324 863 3388 nisi
884 3325 940 3389 sub
964 3331 1053 3394 cento
1075 3343 1218 3405 messore,
1248 3344 1321 3390 cnm

179 3520 181 3523 .
314 3486 552 3549 murenae.
639 3481 955 3545 raucosraucos.
1043 3472 1341 3549 neemanim

212 3575 286 3629 Rom.
299 3577 323 3637 9,
336 3576 352 3628 7
369 3571 401 3625 al.
453 3568 601 3639 quis·1ecob
619 3584 640 3621 e.
653 3583 678 3635 q.
690 3567 723 3637 a]
740 3567 773 3622 ci.
786 3568 865 3622 mod.
878 3571 901 3631 7,
916 3572 929 3625 1
947 3568 993 3623 ubi
1006 3569 1138 3647 tamende
1148 3569 1220 3624 dicae
1231 3571 1321 3639 agitur

214 3653 617 3733 nauare.e,rr;uaetn.1ee.
657 3654 688 3707 er
702 3652 938 3716 osmannae.
973 3655 1006 3709 ee
1023 3651 1056 3707 er.
1069 3653 1163 3708 natm
1177 3657 1319 3718 nesse.

256 3804 285 3860 11
314 3793 588 3882 διεςερῑΑῑιοΝε]
608 3797 688 3856 ἰεκείΙο1
706 3795 738 3849 de
760 3790 907 3850 occusatiuo
924 3797 1032 3866 cogitem
1055 3798 1087 3852 ci.
1099 3801 1216 3866 quaein
1236 3800 1318 3869 praei.

212 3956 308 4026 capss
325 3956 356 4008 de
373 3955 424 4008 litt.
436 3934 473 4036 ΜΣ
481 3967 602 4027 oppressa
619 3950 676 4003 dixi
744 3953 775 4004 19
787 3908 912 4035 ilperini,
927 3953 1024 4018 puncto
1047 3952 1206 4020 superposito
1227 3965 1247 4012 e
1271 3953 1320 4008 del.
1355 3964 1358 3966 ’

150 4061 153 4068 ’
206 4053 245 4116 ’22
261 4051 560 4140 pronumtiatum
581 4053 675 4106 retinui
693 4051 872 4114 indicatiunm,
891 4050 1185 4119 quamuis'desideretur
1197 4055 1320 4108 coniunc-

118 4210 134 4240 ,ἶ
211 4162 287 4214 tinus.
357 4162 388 4214 24
408 4156 593 4239 quae'deest
609 4156 636 4208 in
654 4155 747 4208 codice.
