2812 4634
125 970 287 1054 ·PAULI
313 969 463 1053 OROSII
488 969 549 1051 All
576 967 813 1051 AURELIOM
839 965 1140 1050 andbundun
1167 965 1271 1047 OOM·

141 1105 434 1189 uoulronluu
473 1105 531 1232 OE
570 1103 746 1187 ERRORE
781 1101 1271 1217 PRISOIELIANISEARUM

478 1241 537 1324 ET
564 1239 945 1324 ORIOENISEARUE

151 1518 407 1584 BEATISSIMO
434 1517 562 1582 PATRI
588 1514 827 1581 Aucusrluo
854 1514 1059 1580 EPISOOPO
1086 1513 1269 1580 OROSIUS.

132 1761 143 1798 s
200 1736 228 1801 1.
252 1711 324 1801 Iam
350 1735 473 1817 quidem
496 1752 711 1817 suggesseram
734 1733 891 1798 sanctitati
913 1737 993 1812 tuae,
1024 1734 1077 1796 sed
1107 1735 1272 1797 commoni-

154 1841 267 1903 torium
290 1843 453 1921 suggestae
475 1837 519 1900 rei
541 1841 614 1900 tunc
636 1837 744 1900 offerre
764 1835 945 1915 meditabar,
967 1854 1039 1899 cunr
1054 1839 1084 1899 te
1100 1837 1272 1917 expeditum

155 1942 258 2005 animo
287 1940 326 2004 ab
360 1941 441 2012 aliis?
459 1940 592 2003 dictandi
621 1937 857 2015 necessitatibus
891 1957 958 2003 esse
994 1939 1168 2002 sensissem.
1214 1938 1273 2003 Sed

156 2044 299 2124 quoniam
330 2043 443 2107 domini
473 2041 545 2121 mei,
574 2041 629 2105 lilii
660 2041 716 2119 tui,
746 2041 911 2123 Eutropius
941 2044 972 2105 et
996 2041 1110 2104 Paulus
1140 2042 1273 2123 episcopi

157 2146 265 2210 eadem
294 2163 355 2226 qua
377 2149 408 2209 et
438 2163 494 2227 ego
523 2159 600 2227 puer
621 2147 723 2207 uester
745 2143 852 2210 salutis
879 2144 1016 2207 omnium
1045 2143 1177 2208 utilitate
1204 2164 1273 2226 per-

123 2273 145 2312 o
158 2250 233 2312 moti
262 2247 528 2312 cornmonitorinm
557 2248 620 2311 ianr
654 2246 803 2311 dederunt
832 2247 869 2309 de
898 2246 1061 2327 aliquantis
1094 2246 1272 2311 haeresibus

157 2369 214 2416 nec
236 2355 341 2414 tamen
363 2367 469 2414 omnes
492 2349 715 2433 significarunt,
739 2366 864 2412 necesse
887 2366 936 2412 me
952 2349 1011 2412 fuit
1025 2349 1168 2413 festinato
1185 2350 1272 2413 edere

157 2458 188 2518 et
209 2471 388 2517 coaceruare
410 2453 561 2516 inunum
584 2464 692 2516 omnes
713 2450 919 2534 perditionum
942 2450 1065 2515 arbores
1079 2469 1151 2515 cunr
1165 2453 1272 2515 radici-

156 2555 214 2619 bus
245 2560 276 2619 et
304 2556 400 2618 remis
420 2554 482 2618 suis
505 2557 537 2618 et
565 2553 673 2618 offerre
696 2553 823 2636 ignienti
845 2553 963 2634 spiritui
989 2556 1052 2634 tuo,
1081 2557 1116 2618 ut
1145 2558 1179 2617 tu
1206 2556 1272 2619 uiso

157 2657 280 2739 agmine
302 2661 521 2738 perspectaque
543 2656 678 2737 nequitia
699 2655 901 2737 permetiaris,
930 2674 1022 2736 quam
1049 2658 1148 2738 possis
1171 2657 1273 2738 dispo·

119 2787 143 2825 n.
157 2759 454 2832 sidonem-adhibere
466 2759 598 2842 uirtutis.
619 2758 667 2823 Tu
679 2760 811 2837 tanturn,
824 2757 1000 2821 beatissime
1011 2763 1109 2840 pater,
1122 2760 1272 2843 malignas

200 2998 213 3052 l
232 2985 338 3050 lucre.
349 2981 514 3050 COEONlE.
525 2994 651 3050 OROSII.
660 2994 709 3049 AD
722 2982 792 3049 SGlE
802 2982 964 3048 AcvsrlR
973 2984 1053 3048 EPE.
1066 2995 1114 3048 DE
1125 2994 1271 3050 ERRORE.

155 3068 516 3135 rurscnnrrursrrsv'.
534 3079 578 3134 ur
597 3066 867 3135 oarcaursrnav.
886 3082 1035 3149 spata)
1096 3078 1272 3135 couneus

156 3165 292 3220 roarvu
308 3165 425 3220 oaesu
437 3165 646 3220 raussrruru
658 3165 706 3219 ao
719 3152 787 3219 scir
799 3152 878 3220 svo.
891 3165 939 3219 nu
950 3164 1271 3221 rnrsoruurrurerrs

156 3251 200 3305 ΕΤ
217 3251 264 3304 DE
280 3250 446 3306 ORIGENIS
464 3249 611 3305 ERRORE.
623 3251 651 3306 Β
662 3251 720 3319 (sol.
733 3252 795 3318 120)
855 3249 1171 3312 CONSULTA'I'IOsiue
1189 3251 1272 3307 COM-

156 3335 385 3390 MONITORIUM
407 3335 526 3390 OROSII
547 3335 595 3390 AD
618 3335 860 3401 AUGUSTINUM,
886 3335 934 3390 DE
955 3335 1095 3391 ERRORE
1122 3336 1272 3392 PRISCIL·

156 3421 400 3475 LIANIS'I'ARUM
415 3420 459 3475 ΕΤ
476 3420 768 3477 ORIGENISTARUM
784 3419 811 3477 Ε
826 3419 874 3492 [cs.
884 3424 1077 3493 Aop.,rctroct.
1087 3423 1273 3490 II,c.XLIV:

156 3505 251 3560 'Orosii
267 3507 403 3560 cuiusdam
420 3506 532 3576 Hispani
549 3506 696 3576 presbyteri
713 3505 951 3561 consultationi
973 3506 1005 3561 de
1022 3507 1228 3561 Priscillianistis
1242 3511 1273 3561 et

154 3591 189 3645 'de
205 3591 361 3659 quibusdam
373 3591 492 3660 Origsnis
504 3591 623 3646 sensibus
636 3633 642 3646 .
656 3635 661 3647 .
676 3634 682 3646 .
697 3632 702 3646 .
715 3596 814 3660 quanta
825 3592 900 3660 potui
910 3591 1039 3647 breuitate
1053 3635 1058 3646 .
1073 3634 1078 3646 .
1091 3592 1213 3661 respondi
1224 3612 1272 3656 «13

155 3677 257 3746 etipsa
274 3677 343 3730 eninr
362 3676 561 3731 consultatio
578 3676 740 3746 responsioni
757 3693 829 3731 meaa
847 3693 863 3730 a
880 3678 964 3746 capite
976 3677 1100 3731 adiuncta
1116 3680 1156 3730 est
1167 3693 1188 3730 e.
1201 3693 1224 3744 q.
1237 3677 1273 3749 s]

155 3764 251 3817 bonta
267 3760 371 3815 beatiss.
380 3765 504 3832 praesicca
521 3769 546 3817 ct
560 3779 616 3818 uox
627 3761 893 3816 commonitoriumA
944 3762 1063 3829 horosius
1075 3763 1129 3819 AB
1180 3765 1273 3832 Opuer

155 3844 246 3914 ABR,
262 3847 441 3915 scd'fortosac
458 3846 634 3916 presbyter*
646 3845 673 3903 a
685 3850 716 3902 iss
733 3849 853 3918 margins
905 3850 937 3905 10
954 3847 1088 3903 heresibus
1100 3850 1127 3903 A
1180 3851 1210 3905 11
1228 3865 1273 3902 na·

155 3948 225 3987 cesse
247 3933 299 3986 fuit
320 3948 362 3986 me
384 3933 507 3986 festinato
529 3930 583 3988 Ba
654 3935 686 3989 12
704 3931 809 3987 srbores
826 3935 857 3989 io
873 3934 1089 3990 ros.osoa.1B
1163 3935 1195 3989 14
1214 3949 1273 4002 per-

155 4018 289 4080 metiaris,
307 4018 343 4071 eti
361 4020 391 4072 in
407 4019 611 4074 roa.oroo.1B
663 4017 801 4074 ‘Uaticano'
816 4019 918 4076 codices
935 4034 985 4087 qua
1002 4019 1086 4088 possis
1104 4018 1272 4087 dispositione

154 4102 272 4158 studium
290 4102 412 4157 adbibere
432 4102 547 4157 uirtutis*
565 4104 581 4158 b
634 4106 665 4160 15
683 4103 800 4174 tautum]
818 4106 865 4175 lep.
884 4103 1017 4162 taudem?
