2812 4634
606 299 769 355 traetatua
786 297 837 352 111.
1237 283 1280 348 53

166 453 337 536 culpabiles
362 472 480 534 sumus,
510 471 582 518 oum
602 455 701 537 magis
723 454 761 519 ob
784 455 841 519 hoo
862 455 906 518 rei
927 473 1045 535 sumus,
1072 456 1152 536 quod
1177 456 1280 519 omnia

165 575 246 638 quae
273 558 310 621 de
336 557 392 622 deo
414 561 487 620 sunt
507 558 658 638 prolatata
679 574 741 621 non
762 558 914 640 legimus?
949 557 1020 621 Non
1046 557 1150 622 dubito
1176 561 1279 622 autem

165 677 355 740 quemquam
384 677 420 723 er
448 659 496 747 his
521 653 574 740 'qui
603 659 772 724 calumnias
793 660 895 742 potius
918 677 1010 741 quam
1032 660 1124 724 fidem
1151 661 1280 743 diligunt

109 755 112 761 ’
166 779 234 826 esse
257 761 423 825 dicturum:
453 762 534 825 ultra
555 762 631 825 nihil
653 764 798 842 quaeras!
828 761 942 826 suffieit
962 766 993 826 te
1018 763 1119 845 legere
1146 763 1226 844 quod
1247 763 1279 826 in

125 890 139 928 r
166 874 284 929 canone
306 865 453 941 seribtum
475 867 531 928 est
570 863 664 929 Cuius
690 865 815 945 quidem
835 864 937 929 uerbis
964 865 1052 929 faoile
1073 865 1196 948 iugenio
1222 866 1279 929 hu-

164 985 277 1031 manae
307 970 434 1030 naturae
463 984 540 1047 quae
563 967 659 1030 otium
679 967 783 1048 potius
805 968 899 1048 quam
920 966 1058 1031 laborem
1079 969 1204 1050 requirit
1226 967 1279 1030 ad-

165 1087 334 1152 surgerem
356 1069 415 1132 nisi
435 1086 486 1132 me
504 1067 605 1132 Lueae
619 1065 629 1154 i
643 1069 849 1152 euangelistae
870 1070 1080 1134 testimonium
1101 1074 1279 1152 perurgeret
1301 1077 1339 1130 69

164 1171 293 1236 dieentis
320 1172 354 1235 in
382 1170 500 1234 actibus
530 1172 750 1253 apostolorum:
783 1171 1005 1253 addiseipuli
1033 1173 1170 1254 pariter
1199 1190 1278 1241 eon,-

164 1273 336 1338 iorebant
356 1273 454 1338 inter
476 1291 513 1337 se
528 1272 748 1353 seribturas‚
771 1274 803 1337 ei
817 1273 871 1337 ita
885 1278 997 1354 esset,
1019 1275 1278 1355 quemadmodum

127 1403 152 1442 ιο
164 1376 286 1440 loeutus
311 1375 413 1439 fuerat
434 1375 474 1439 ad
495 1393 547 1439 eos
566 1374 692 1454 Paulus,
715 1380 747 1439 et
768 1393 805 1439 ea
827 1393 957 1455 quorum
979 1377 1186 1458 eognitionem
1207 1376 1278 1440 uolo

164 1478 378 1542 testimonium
396 1477 575 1560 prophetiae
594 1478 626 1542 in
646 1496 762 1542 eanone
777 1479 931 1560 aceepisse
946 1495 1105 1561 eognoseo.
1129 1477 1278 1557 Quamuis

164 1581 248 1646 enim
270 1581 387 1644 erimen
409 1581 450 1644 sit
472 1580 648 1662 apostolieis
670 1597 732 1644 non
747 1580 912 1644 eredidisse
928 1580 1131 1661 sermonibus,
1154 1599 1216 1644 non
1231 1586 1279 1645 est

163 1687 270 1748 tamen
296 1682 481 1747 damnabilis
511 1683 619 1765 eulpae
647 1681 880 1746 firmamentum
904 1682 975 1747 fidei
998 1683 1183 1766 scriptorum
1208 1702 1278 1766 pro·

162 1783 289 1851 batione
316 1790 497 1850 construere
523 1789 554 1850 et
583 1785 660 1850 nihil
689 1786 722 1851 in
751 1803 811 1866 quo
840 1804 897 1849 nos
927 1785 1064 1850 infirmes
1090 1787 1277 1869 redarguitis

129 1888 279 1953 radiaboli
299 1889 394 1962 faeiat
414 1906 580 1953 reseruata.
613 1887 720 1952 Potuit
742 1889 825 1952 enim
848 1906 947 1954 sermo
970 1888 1105 1969 diuinus,
1132 1890 1278 1971 quoniam

162 1992 262 2076 ipsius
284 1995 350 2056 orat
371 2009 462 2068 omne
485 1992 565 2072 quod
587 1991 714 2071 dixerat,
733 1988 738 2074 Ι
757 1995 918 2071 tamquam
941 1990 979 2055 ab
1002 2011 1036 2055 se
1065 1993 1193 2073 loquens
1216 2010 1278 2056 non
1351 2017 1353 2022 ·

163 2092 315 2158 scribtum
336 2093 375 2157 ab
398 2093 457 2157 alio
480 2093 589 2172 dicere,
613 2093 666 2156 sed
687 2111 723 2156 ex
746 2112 778 2156 se
800 2092 866 2175 ipse
881 2093 1030 2176 proferre3
1054 2094 1158 2158 dieens
1173 2099 1278 2158 autem

163 2195 316 2261 scribtum
326 2214 404 2276 esse,
419 2195 590 2259 necessario
601 2213 773 2278 proponens
786 2194 875 2259 nobis
890 2197 1013 2279 legendi
1027 2197 1277 2277 sollicitudinem,

163 2303 195 2364 et
221 2317 310 2363 suam
338 2300 376 2363 de
405 2317 465 2380 quo
486 2299 674 2381 profetatum
695 2299 796 2362 fuerat
818 2299 948 2382 gloriam
970 2302 1002 2364 et
1027 2300 1111 2364 illius
1134 2300 1186 2381 qui
1208 2317 1278 2382 pro-

128 2403 317 2466 ofetauerat
344 2400 481 2465 debitam
508 2401 681 2483 posteritati
706 2402 840 2484 gratiam
869 2419 931 2465 non
957 2402 1070 2465 omisit.
1107 2401 1172 2484 llgo
1195 2406 1277 2465 uerte

162 2504 245 2568 inter
260 2508 404 2585 utrosque
419 2503 559 2585 utrisque
580 2502 724 2568 debitor
746 2522 839 2584 sum,
862 2508 898 2569 ut
919 2508 951 2569 et
972 2505 1070 2568 illum
1083 2505 1136 2586 qui
1158 2505 1196 2568 ad
1211 2524 1278 2568 mo·

163 2607 295 2670 moriam
310 2607 455 2672 diuinam
475 2607 676 2690 profetauerit
696 2607 799 2690 legam
821 2609 853 2671 et
875 2607 930 2670 deo
945 2608 1078 2670 aredam.
1103 2606 1178 2686 Quis
1193 2607 1276 2670 enim

149 2726 226 2791 non
254 2708 422 2774 deleetetur
451 2708 610 2773 Christum
637 2712 709 2773 ante
732 2709 854 2773 saecula
882 2726 945 2772 non
967 2710 1123 2791 apamia,
1154 2710 1208 2774 sed
1237 2709 1276 2773 ab

162 2811 308 2876 omnibus
336 2813 545 2894 prolatatum?
574 2816 629 2876 aut
658 2812 727 2893 quis
758 2812 881 2876 diuinae
903 2813 1126 2896 magnitudinis
1154 2818 1276 2877 ettam

126 2913 352 2982 uinoredrbilis
373 2914 515 2978 miraculi
536 2914 628 2979 deum
650 2915 736 2978 nasei
758 2914 871 2979 habere
894 2919 925 2978 et
945 2914 1130 2998 uirginalem
1144 2922 1276 2980 metram

161 3016 195 3081 in
208 3013 220 3102 l
233 3015 439 3081 ministerium
458 3016 556 3081 diuini
571 3017 657 3081 uerbi
673 3018 711 3081 ad
731 3016 965 3099 eoneipiendum
979 3017 1029 3080 uel
1043 3017 1276 3098 parturiendum
1300 3028 1315 3047 ⁸

264 3145 281 3198 8
299 3140 332 3196 oi.
350 3141 408 3196 hot
423 3145 463 3206 1⁷,
477 3145 516 3198 11.
602 3144 635 3198 al
654 3141 688 3196 oi.
700 3143 776 3196 Rom.
791 3147 813 3207 1,
827 3145 866 3198 14.

205 3273 220 3327 l
247 3269 387 3338 Sumus]
415 3269 509 3324 modus
539 3270 721 3324 ooniuuotiuus
752 3270 893 3324 desiderari
923 3271 1034 3335 uidetur,
1065 3271 1110 3325 aed
1140 3271 1173 3325 oi.
1199 3275 1240 3336 to,
1263 3277 1275 3329 l
1321 3265 1323 3268 ’

125 3383 127 3386 ’
161 3374 179 3428 3
196 3374 258 3426 anta
276 3358 384 3455 ftbem
406 3371 522 3426 deletum
543 3375 584 3427 eet
606 3356 624 3431 ὅ
644 3375 742 3441 puncto
763 3373 937 3441 superposito3
958 3372 1095 3426 hbrarium
1115 3381 1277 3442 praepostere

162 3463 325 3546 bilicum
340 3475 499 3545 scripturum
514 3474 596 3529 fuisse
608 3476 699 3545 opinor
767 3478 784 3531 8
801 3475 877 3529 facile
894 3477 992 3545 cogites
1004 3476 1036 3530 de
1054 3486 1097 3536 at
1110 3461 1274 3557 brs'crputr

162 3579 196 3634 14
216 3577 404 3660 infraenes]
419 3577 474 3633 nio.
492 3593 571 3647 supa
587 3581 695 3647 p.11‚5
801 3581 832 3633 16
852 3560 1090 3660 penesherst,
1117 3579 1169 3634 uta.
1196 3586 1217 3637 s
1240 3576 1276 3646 (in
1316 3597 1321 3608 ·

162 3681 237 3747 sea)
253 3679 382 3734 emuncta
430 3662 535 3769 treo-'J'
549 3688 851 3756 metatorum‚ee
868 3680 914 3734 lin.
928 3680 977 3734 der.
1029 3684 1061 3737 al
1083 3690 1275 3762 erresque,

163 3832 288 3894 valtero
304 3833 362 3888 loeo
378 3832 407 3888 iu
433 3844 453 3893 o
481 3849 596 3896 oonuers.
666 3836 700 3890 24
718 3792 867 3894 offlmssu
922 3839 955 3891 25
984 3793 1276 3906 othelmhleg‘tme

162 3945 277 4015 mm,
299 3935 402 3991 litterae
425 3945 467 3997 ut
486 3935 562 3990 lineis
581 3935 680 3990 deletae
697 3939 773 4009 sunt;¹
792 3937 929 3992 librarium
948 3947 1096 3998 [licitum
1119 3939 1277 4006 scripturum

162 4035 241 4093 him
257 4041 335 4107 putas
419 4041 453 4094 26
472 4021 704 4127 υεκῧΙΙΝΙιΑᾸδ,
730 4049 774 4097 ΙΝ
793 4055 843 4091 ras.
861 4038 919 4102 del,
937 4038 1027 4093 littera
1041 4050 1088 4126 ιΑ1
1104 4043 1163 4094 ante
1180 4038 1275 4093 lineam

155 4134 316 4211 'proponitur
331 4140 394 4208 (fuit
413 4143 433 4209 t)
