2812 4634
589 298 881 355 Commonitorium.
1231 281 1291 345 155

174 460 233 522 aut
260 456 444 539 proprietate
474 456 617 521 adserens
648 456 769 519 sublato
799 451 848 519 'e't'
867 459 994 538 patrem
1022 454 1120 518 lilium
1149 455 1290 536 spiritum

176 563 322 623 sanctum
344 559 425 622 hunc
449 577 516 623 esse
538 577 635 622 unum
658 557 814 622 Christum
837 557 973 621 docebat.

220 659 250 725 3.
281 661 367 725 Tunc
396 661 455 724 duo
485 662 568 725 ciues
597 661 659 726 mei
680 661 793 724 Auitus
815 664 846 724 et
876 660 954 724 alius
976 660 1098 740 Auitus,
1128 677 1198 723 cnm
1227 659 1290 722 iam

175 768 243 829 tam
272 768 393 846 turpem
422 764 633 829 contusionem
661 782 716 847 per
744 781 778 827 se
807 762 905 846 ipsam
928 763 1042 826 ueritas
1065 763 1130 826 sola
1151 761 1289 841 nudaret,

145 865 340 950 eperegriua
361 866 526 949 petierunt.
562 865 644 930 Nam
673 884 752 929 uuus
774 865 1030 948 Hierosolymam,
1060 865 1137 929 alius
1159 864 1289 928 Romam
1382 902 1384 905 -

175 969 331 1052 proiectus
354 973 416 1041 est-3
439 969 554 1033 reuersi
575 986 655 1033 unus
677 969 797 1033 rettulit
811 967 975 1051 Origenem
990 967 1067 1031 alius
1083 967 1288 1040 Uictorinum3

177 1090 213 1136 ex
235 1071 283 1136 his
299 1070 441 1136 vduobus
461 1071 539 1136 alter
561 1071 650 1136 alteri
672 1073 778 1135 cessit:
808 1071 1034 1136 Priscillianum
1063 1073 1167 1134 tamen
1198 1069 1289 1134 ambo

176 1174 371 1238 damnarunt.
410 1174 602 1239 Uictorinum
630 1192 740 1256 parurn
769 1175 928 1254 nouimus,
961 1173 1032 1255 quia
1062 1173 1160 1236 adhuc
1191 1190 1288 1255 paene

178 1282 249 1341 ante
272 1276 420 1342 editiones
442 1295 514 1341 suas
529 1276 679 1342 Uictorini
701 1279 833 1341 sectator
847 1277 940 1342 cessit
954 1275 1086 1360 Origeni.
1116 1275 1289 1356 Coeperunt

132 1401 164 1440 m
178 1397 250 1463 ergo
273 1398 309 1443 ex
332 1378 462 1463 Origene
492 1380 654 1464 magalim
682 1380 771 1463 plura
791 1380 919 1463 proponi
941 1397 1018 1462 quae
1040 1396 1076 1443 er
1098 1378 1218 1443 modica
1238 1397 1288 1443 oc-

176 1483 297 1546 casione
320 1482 435 1546 ueritas
457 1483 525 1565 ipsa
552 1483 749 1566 praecideret.
787 1482 959 1546 Didicimus
982 1482 1063 1546 enim
1093 1482 1130 1544 de
1152 1481 1287 1546 trinitate

177 1584 348 1648 doctrinam
371 1584 446 1648 satis
477 1603 593 1664 sanam,
627 1585 747 1649 omnia
776 1595 867 1667 qnae
895 1586 995 1649 iacta
1023 1587 1148 1648 essent
1174 1602 1193 1649 a
1223 1584 1287 1648 deo

175 1688 276 1750 lacta
306 1705 386 1751 esse
408 1690 440 1751 et
462 1687 573 1752 omnia
593 1687 687 1751 bona
715 1687 821 1752 ualde
850 1691 882 1752 et
909 1688 991 1751 iacta
1017 1686 1053 1751 de
1076 1687 1183 1751 nihilo:
1213 1690 1286 1751 tunc

174 1788 284 1853 deinde
298 1789 527 1872 'scripturarum
550 1791 716 1855 solutiones
739 1791 814 1855 satis
837 1790 962 1855 sobrias.
995 1788 1107 1854 Omnia
1127 1791 1202 1854 haec
1224 1794 1286 1854 sta-

124 1913 161 1958 re
174 1891 231 1954 tim
254 1909 273 1954 a
295 1891 483 1973 sapientibus
501 1891 584 1956 fideli
598 1892 1028 1976 pristinorumexpurgatione
1042 1896 1185 1974 suscepta
1199 1897 1285 1967 sunt3

172 1993 323 2058 remansit
345 1993 411 2057 sola
431 1995 548 2059 offensa
569 1995 607 2058 de
628 1995 734 2059 nihilo.
765 1994 893 2059 Credere
914 1995 997 2059 enim
1018 2013 1199 2077 persuasum
1221 1999 1286 2060 erat

173 2114 240 2159 esse
262 2097 409 2176 animam,
437 2114 499 2161 nou
529 2100 633 2161 tamen
661 2098 838 2179 persuaderi
866 2100 986 2181 poterat
1015 2098 1128 2161 factam
1158 2116 1226 2162 esse
1248 2099 1285 2161 de

172 2198 277 2278 nihilo,
301 2203 551 2282 argumentantes
574 2201 646 2282 quia
666 2200 809 2265 uoluntas
833 2200 881 2264 dei
904 2200 979 2264 nihil
1002 2217 1151 2264 essenon
1177 2201 1283 2283 possit.

170 2301 239 2365 Hoc
267 2319 364 2382 paene
393 2321 488 2384 usque
517 2321 599 2367 nunc
621 2300 742 2367 manet.
780 2303 837 2367 Isti
865 2320 938 2367 uero
960 2301 1046 2366 Auiti
1075 2302 1134 2366 duo
1157 2307 1189 2366 et
1213 2321 1284 2367 cum

125 2403 219 2471 nohis
248 2409 372 2468 sauctus
394 2403 526 2469 Basilius
550 2404 694 2486 Graecus,
722 2406 773 2487 qui
795 2406 879 2486 haec,
908 2404 1095 2484 beatissime,
1125 2404 1282 2487 docebant,

171 2505 322 2589 quaedam
341 2512 379 2569 'er
401 2507 487 2571 libris
509 2508 604 2590 ipsius
620 2507 761 2592 (trigenis
783 2525 844 2572 non
865 2512 959 2588 recta,
981 2510 1017 2571 ut
1037 2524 1119 2570 nunc
1139 2508 1284 2589 perintel·

273 2684 305 2748 la
323 2692 355 2746 er.
373 2692 411 2747 ιο.
425 2674 449 2757 1,
461 2695 490 2756 a
506 2693 565 2748 Act.
579 2695 618 2757 ιτ,
630 2694 670 2749 er.
742 2697 775 2750 re
793 2693 856 2749 cen.
870 2698 893 2759 1,
905 2696 946 2750 ar.

272 2883 304 2936 16
324 2895 380 2949 sqq.
406 2880 501 2934 Fusius
526 2881 574 2936 has
600 2898 641 2935 res
668 2885 764 2936 tractat
789 2885 902 2954 Arepuet.
930 2891 1023 2941 contro
1048 2885 1133 2941 Prr'ac.
1156 2891 1181 2941 et
1209 2885 1280 2956 Orip.

169 2969 388 3036 c.2aq.,·9.12.
690 2983 694 2990 ⁴

213 3139 227 3192 1
245 3136 420 3204 propriaetate
437 3140 464 3191 A
515 3143 617 3206 patrem
637 3138 722 3192 fllium
740 3142 767 3193 et
784 3139 905 3208 spiritum
924 3143 1044 3195 sanctum
1061 3139 1088 3197 a
1110 3143 1188 3208 (recte
1205 3144 1281 3198 norit-

168 3227 229 3276 tant
246 3223 348 3289 etAB)
400 3221 440 3276 'in
455 3223 594 3279 Uaticanis
606 3242 665 3279 roeo.
679 3224 782 3279 sublato
800 3231 827 3279 et
844 3229 926 3295 putre,
944 3225 1029 3280 fllium
1046 3226 1120 3281 ΒΜ
1172 3227 1281 3284 2doce·

168 3305 215 3361 bat
237 3307 298 3375 AB,
324 3306 470 3363 dicebatdi
540 3312 556 3365 5
579 3308 773 3364 hierosolimam
795 3314 831 3379 A,
857 3308 1033 3365 ierosolimam
1053 3312 1081 3367 Β
1150 3316 1166 3369 6
1191 3313 1282 3368 retulit

167 3390 230 3460 Bi),
253 3391 349 3446 detulit
369 3396 396 3447 A
468 3396 485 3448 9
508 3397 632 3463 ceperunt
653 3396 679 3450 Β
749 3399 779 3452 ll
802 3396 964 3465 praecideret
983 3401 1019 3466 A,
1039 3397 1206 3467 praecederet
1225 3398 1280 3456 Ba

168 3479 201 3533 13
218 3480 245 3530 et
262 3477 360 3547 omnia]
383 3481 414 3531 ut
431 3478 520 3532 omnia
542 3480 569 3534 Β
638 3480 734 3535 niohsso
752 3483 779 3536 B
847 3480 886 3537 ‘io
907 3483 1002 3538 iisdem
1023 3485 1098 3540 codd.
1116 3486 1281 3555 (Uaticanis)

167 3562 295 3616 solutione
313 3564 376 3617 eatis
394 3563 488 3627 sobrie,
506 3565 594 3618 omnia
611 3567 675 3619 hacc
692 3566 738 3620 &c’
756 3567 771 3621 b
836 3570 867 3625 17
884 3572 1005 3637 potuerat
1021 3570 1049 3624 Β
1109 3573 1141 3627 18
1158 3571 1280 3626 uoluntas

167 3647 209 3701 dei
227 3647 292 3701 nihil
309 3664 364 3703 esse
376 3652 411 3718 A,
428 3651 459 3704 id
474 3652 546 3719 quood
557 3651 719 3708 Frontinum
730 3652 842 3709 Florius
853 3655 884 3708 io
895 3654 1006 3709 Diaecrt.
1019 3656 1042 3710 Ι.
1055 3656 1093 3710 od
1104 3657 1280 3712 Bacticrirem

165 3732 192 3803 §-
202 3738 220 3788 3
232 3751 296 3804 pop.
305 3738 340 3788 24
351 3741 417 3790 recte
429 3737 574 3792 coniecerat
585 3737 652 3801 (uid.
665 3737 808 3793 Goltcmiie'
819 3739 880 3793 bitl.
893 3746 943 3794 oct.
952 3746 1024 3810 potr.
1034 3741 1088 3809 IX,
1097 3759 1126 3811 p.
1139 3747 1190 3798 175
1201 3744 1281 3812 ποι),

166 3817 288 3872 uoluntas
306 3817 338 3872 de
356 3819 453 3874 nichilo
465 3822 492 3875 B
544 3824 577 3876 19
594 3837 676 3890 usque
694 3838 763 3876 nnuc
776 3825 810 3889 A,
828 3839 909 3892 usque
926 3824 960 3878 ad
978 3840 1047 3879 nuuc
1059 3824 1123 3895 Ba,
1141 3821 1280 3884 ‘Uaticana'

166 3904 241 3960 codd.
259 3919 341 3972 usque
359 3904 444 3960 adhuc
462 3906 593 3962 manet'b
648 3911 682 3964 20
698 3924 790 3976 grecam
807 3910 861 3964 AB
917 3908 1068 3965 beadesima
1084 3910 1228 3967 edocebant
1243 3915 1278 3983 Β,

165 3990 280 4058 uirpaoiir
301 3990 399 4046 inclini
419 3990 576 4056 beatissime,
599 4011 658 4048 cura
679 3996 715 4050 sit
735 3998 884 4060 cononum,
901 4014 957 4051 noo
973 3997 1131 4053 adsertione
1199 4003 1230 4056 21
1249 4003 1280 4055 ut

165 4088 235 4127 nunc
255 4073 459 4144 perintellegunt
480 4079 515 4144 A,
536 4082 571 4132 ut
590 4095 671 4147 nuper
692 4078 812 4148 intelligo
833 4079 895 4147 aa,
918 4082 957 4136 od
977 4099 1052 4151 precor
1074 4083 1160 4138 loom
1181 4082 1209 4138 b:
1232 4082 1280 4143 ‘etc

165 4174 234 4226 mea,
251 4165 280 4213 ot
297 4160 363 4214 editi
380 4164 411 4216 ut
428 4177 498 4216 nunc
515 4155 721 4233 perintellipuut'
