<?xml version="1.0" encoding="UTF-8"?>
<!DOCTYPE html PUBLIC "-//W3C//DTD XHTML 1.0 Transitional//EN"
    "http://www.w3.org/TR/xhtml1/DTD/xhtml1-transitional.dtd">
<html xmlns="http://www.w3.org/1999/xhtml" xml:lang="en" lang="en">
 <head>
  <title>
</title>
<meta http-equiv="Content-Type" content="text/html;charset=utf-8" />
  <meta name='ocr-system' content='tesseract 3.04.00' />
  <meta name='ocr-capabilities' content='ocr_page ocr_carea ocr_par ocr_line ocrx_word'/>
</head>
<body>
  <div class='ocr_page' id='page_1' title='image "./priscillianiqva01schegoog/priscillianiqva01schegoog_0119.png"; bbox 0 0 2812 4634; ppageno 0'>
   <div class='ocr_carea' id='block_1_1' title="bbox 537 294 1252 367">
    <p class='ocr_par' dir='ltr' id='par_1_1' title="bbox 537 294 1252 367">
     <span class='ocr_line' id='line_1_1' title="bbox 537 294 1252 367; baseline -0.003 0"><span class='ocrx_word' id='word_1_1' title='bbox 537 314 698 367; x_wconf 86' lang='lat' dir='ltr'>tractatus</span> <span class='ocrx_word' id='word_1_2' title='bbox 716 311 746 366; x_wconf 89' lang='lat' dir='ltr'>V.</span> <span class='ocrx_word' id='word_1_3' title='bbox 1023 320 1025 326; x_wconf 78' lang='grc'>’</span> <span class='ocrx_word' id='word_1_4' title='bbox 1156 294 1198 359; x_wconf 82' lang='grc'>65</span> <span class='ocrx_word' id='word_1_5' title='bbox 1250 344 1252 349; x_wconf 55' lang='lat'><em>2</em></span> 
     </span>
    </p>
   </div>
   <div class='ocr_carea' id='block_1_2' title="bbox 24 467 1257 3309">
    <p class='ocr_par' dir='ltr' id='par_1_2' title="bbox 24 467 1257 3309">
     <span class='ocr_line' id='line_1_2' title="bbox 84 467 1198 551; baseline -0.004 -16"><span class='ocrx_word' id='word_1_6' title='bbox 84 489 167 535; x_wconf 48' lang='lat' dir='ltr'>&gt;nam</span> <span class='ocrx_word' id='word_1_7' title='bbox 191 489 282 551; x_wconf 89' lang='lat' dir='ltr'>quae</span> <span class='ocrx_word' id='word_1_8' title='bbox 311 488 380 533; x_wconf 90' lang='lat' dir='ltr'>nou</span> <span class='ocrx_word' id='word_1_9' title='bbox 402 469 575 533; x_wconf 90' lang='lat' dir='ltr'>uidentur</span> <span class='ocrx_word' id='word_1_10' title='bbox 603 472 763 531; x_wconf 82' lang='lat' dir='ltr'>aeterua</span> <span class='ocrx_word' id='word_1_11' title='bbox 802 467 1092 532; x_wconf 87' lang='lat' dir='ltr'>Animaduertentes</span> <span class='ocrx_word' id='word_1_12' title='bbox 1115 467 1198 531; x_wconf 91' lang='lat' dir='ltr'>euim</span> 
     </span>
     <span class='ocr_line' id='line_1_3' title="bbox 87 569 1197 651; baseline -0.004 -15"><span class='ocrx_word' id='word_1_13' title='bbox 87 591 212 636; x_wconf 90' lang='lat' dir='ltr'>sensum</span> <span class='ocrx_word' id='word_1_14' title='bbox 243 573 339 636; x_wconf 84' lang='lat' dir='ltr'>lectae</span> <span class='ocrx_word' id='word_1_15' title='bbox 368 571 507 634; x_wconf 90' lang='lat' dir='ltr'>lectionis</span> <span class='ocrx_word' id='word_1_16' title='bbox 537 569 680 633; x_wconf 88' lang='lat' dir='ltr'>dicentis:</span> <span class='ocrx_word' id='word_1_17' title='bbox 714 571 750 633; x_wconf 91' lang='lat' dir='ltr'>in</span> <span class='ocrx_word' id='word_1_18' title='bbox 780 570 963 651; x_wconf 91' lang='lat' dir='ltr'>principio</span> <span class='ocrx_word' id='word_1_19' title='bbox 992 570 1082 633; x_wconf 81' lang='lat' dir='ltr'>fecit</span> <span class='ocrx_word' id='word_1_20' title='bbox 1110 571 1197 632; x_wconf 89' lang='lat' dir='ltr'>deus</span> 
     </span>
     <span class='ocr_line' id='line_1_4' title="bbox 87 671 1197 753; baseline -0.003 -15"><span class='ocrx_word' id='word_1_21' title='bbox 87 675 227 738; x_wconf 88' lang='lat' dir='ltr'>caelum</span> <span class='ocrx_word' id='word_1_22' title='bbox 256 679 292 736; x_wconf 89' lang='lat' dir='ltr'>et</span> <span class='ocrx_word' id='word_1_23' title='bbox 321 678 470 751; x_wconf 88' lang='lat' dir='ltr'>terram,</span> <span class='ocrx_word' id='word_1_24' title='bbox 500 672 607 735; x_wconf 90' lang='lat' dir='ltr'>scitote</span> <span class='ocrx_word' id='word_1_25' title='bbox 637 671 741 735; x_wconf 88' lang='lat' dir='ltr'>omnia</span> <span class='ocrx_word' id='word_1_26' title='bbox 769 671 861 734; x_wconf 90' lang='lat' dir='ltr'>deum</span> <span class='ocrx_word' id='word_1_27' title='bbox 883 672 993 735; x_wconf 86' lang='lat' dir='ltr'>fecisse</span> <span class='ocrx_word' id='word_1_28' title='bbox 1015 690 1093 753; x_wconf 92' lang='lat' dir='ltr'>quae</span> <span class='ocrx_word' id='word_1_29' title='bbox 1115 671 1197 735; x_wconf 86' lang='lat' dir='ltr'>faeta</span> 
     </span>
     <span class='ocr_line' id='line_1_5' title="bbox 88 771 1257 859; baseline -0.007 -19"><span class='ocrx_word' id='word_1_30' title='bbox 88 781 215 840; x_wconf 90' lang='lat' dir='ltr'>suntet</span> <span class='ocrx_word' id='word_1_31' title='bbox 244 776 399 858; x_wconf 89' lang='lat' dir='ltr'>conpactis</span> <span class='ocrx_word' id='word_1_32' title='bbox 421 771 510 859; x_wconf 70' lang='lat' dir='ltr'>inlitcr</span> <span class='ocrx_word' id='word_1_33' title='bbox 539 793 571 838; x_wconf 91' lang='lat' dir='ltr'>se</span> <span class='ocrx_word' id='word_1_34' title='bbox 594 774 773 836; x_wconf 81' lang='lat' dir='ltr'>aelementis</span> <span class='ocrx_word' id='word_1_35' title='bbox 800 773 963 837; x_wconf 80' lang='lat' dir='ltr'><strong>solidatam</strong></span> <span class='ocrx_word' id='word_1_36' title='bbox 985 774 1062 839; x_wconf 86' lang='lat' dir='ltr'>caeli</span> <span class='ocrx_word' id='word_1_37' title='bbox 1091 777 1195 837; x_wconf 79' lang='lat' dir='ltr'>exten·</span> <span class='ocrx_word' id='word_1_38' title='bbox 1218 778 1257 833; x_wconf 81' lang='lat'>86</span> 
     </span>
     <span class='ocr_line' id='line_1_6' title="bbox 65 876 1195 958; baseline -0.003 -16"><span class='ocrx_word' id='word_1_39' title='bbox 65 880 169 942; x_wconf 71' lang='lat' dir='ltr'>odisse</span> <span class='ocrx_word' id='word_1_40' title='bbox 199 883 341 942; x_wconf 86' lang='lat' dir='ltr'>naturum</span> <span class='ocrx_word' id='word_1_41' title='bbox 370 878 473 958; x_wconf 89' lang='lat' dir='ltr'>sicque</span> <span class='ocrx_word' id='word_1_42' title='bbox 502 895 560 940; x_wconf 93' lang='lat' dir='ltr'>usu</span> <span class='ocrx_word' id='word_1_43' title='bbox 590 877 668 939; x_wconf 86' lang='lat' dir='ltr'>aeris</span> <span class='ocrx_word' id='word_1_44' title='bbox 701 879 864 939; x_wconf 89' lang='lat' dir='ltr'>uentorum</span> <span class='ocrx_word' id='word_1_45' title='bbox 892 876 1096 957; x_wconf 81' lang='lat' dir='ltr'>potestatibus</span> <span class='ocrx_word' id='word_1_46' title='bbox 1126 876 1195 939; x_wconf 89' lang='lat' dir='ltr'>dato</span> 
     </span>
     <span class='ocr_line' id='line_1_7' title="bbox 87 978 1194 1062; baseline -0.003 -18"><span class='ocrx_word' id='word_1_47' title='bbox 87 981 309 1062; x_wconf 86' lang='lat' dir='ltr'>quadripertita</span> <span class='ocrx_word' id='word_1_48' title='bbox 339 983 511 1061; x_wconf 90' lang='lat' dir='ltr'>temporum</span> <span class='ocrx_word' id='word_1_49' title='bbox 534 980 601 1041; x_wconf 90' lang='lat' dir='ltr'>uice</span> <span class='ocrx_word' id='word_1_50' title='bbox 623 979 695 1042; x_wconf 90' lang='lat' dir='ltr'>anni</span> <span class='ocrx_word' id='word_1_51' title='bbox 719 996 825 1041; x_wconf 88' lang='lat' dir='ltr'>cursus</span> <span class='ocrx_word' id='word_1_52' title='bbox 849 981 879 1041; x_wconf 87' lang='lat' dir='ltr'>et</span> <span class='ocrx_word' id='word_1_53' title='bbox 901 978 1060 1042; x_wconf 89' lang='lat' dir='ltr'>stellarum</span> <span class='ocrx_word' id='word_1_54' title='bbox 1082 979 1194 1043; x_wconf 89' lang='lat' dir='ltr'>cousti-</span> 
     </span>
     <span class='ocr_line' id='line_1_8' title="bbox 88 1080 1195 1164; baseline -0.002 -19"><span class='ocrx_word' id='word_1_55' title='bbox 88 1086 170 1146; x_wconf 86' lang='lat' dir='ltr'>tutas</span> <span class='ocrx_word' id='word_1_56' title='bbox 193 1082 417 1164; x_wconf 90' lang='lat' dir='ltr'>dispositiones.</span> <span class='ocrx_word' id='word_1_57' title='bbox 455 1080 533 1145; x_wconf 72' lang='lat' dir='ltr'>(ium</span> <span class='ocrx_word' id='word_1_58' title='bbox 556 1080 639 1143; x_wconf 93' lang='lat' dir='ltr'>euim</span> <span class='ocrx_word' id='word_1_59' title='bbox 661 1080 790 1143; x_wconf 91' lang='lat' dir='ltr'>uerbum</span> <span class='ocrx_word' id='word_1_60' title='bbox 812 1080 934 1143; x_wconf 87' lang='lat' dir='ltr'>diuinae</span> <span class='ocrx_word' id='word_1_61' title='bbox 956 1081 1079 1144; x_wconf 87' lang='lat' dir='ltr'>uirtutis</span> <span class='ocrx_word' id='word_1_62' title='bbox 1102 1098 1195 1163; x_wconf 87' lang='lat' dir='ltr'>appa·</span> 
     </span>
     <span class='ocr_line' id='line_1_9' title="bbox 87 1182 1195 1265; baseline -0.002 -18"><span class='ocrx_word' id='word_1_63' title='bbox 87 1187 147 1248; x_wconf 89' lang='lat' dir='ltr'>ruit</span> <span class='ocrx_word' id='word_1_64' title='bbox 163 1186 280 1248; x_wconf 75' lang='lat' dir='ltr'>idicens:</span> <span class='ocrx_word' id='word_1_65' title='bbox 300 1185 370 1247; x_wconf 87' lang='lat' dir='ltr'>fiat</span> <span class='ocrx_word' id='word_1_66' title='bbox 384 1185 454 1262; x_wconf 84' lang='lat' dir='ltr'>lux,</span> <span class='ocrx_word' id='word_1_67' title='bbox 469 1184 613 1246; x_wconf 91' lang='lat' dir='ltr'>uniuersa</span> <span class='ocrx_word' id='word_1_68' title='bbox 627 1201 704 1262; x_wconf 88' lang='lat' dir='ltr'>quae</span> <span class='ocrx_word' id='word_1_69' title='bbox 721 1187 808 1246; x_wconf 83' lang='lat' dir='ltr'>eraut</span> <span class='ocrx_word' id='word_1_70' title='bbox 823 1182 1017 1246; x_wconf 87' lang='lat' dir='ltr'>intenebrata</span> <span class='ocrx_word' id='word_1_71' title='bbox 1029 1187 1195 1265; x_wconf 89' lang='lat' dir='ltr'>patuerunt</span> 
     </span>
     <span class='ocr_line' id='line_1_10' title="bbox 88 1285 1193 1369; baseline -0.002 -18"><span class='ocrx_word' id='word_1_72' title='bbox 88 1293 117 1350; x_wconf 91' lang='lat' dir='ltr'>et</span> <span class='ocrx_word' id='word_1_73' title='bbox 136 1292 225 1351; x_wconf 91' lang='lat' dir='ltr'>nocte</span> <span class='ocrx_word' id='word_1_74' title='bbox 239 1288 375 1368; x_wconf 89' lang='lat' dir='ltr'>uesperis</span> <span class='ocrx_word' id='word_1_75' title='bbox 398 1285 436 1349; x_wconf 89' lang='lat' dir='ltr'>ab</span> <span class='ocrx_word' id='word_1_76' title='bbox 461 1286 620 1367; x_wconf 90' lang='lat' dir='ltr'>splendore</span> <span class='ocrx_word' id='word_1_77' title='bbox 642 1286 718 1348; x_wconf 89' lang='lat' dir='ltr'>lucis</span> <span class='ocrx_word' id='word_1_78' title='bbox 741 1285 849 1364; x_wconf 84' lang='lat' dir='ltr'>diuisa,</span> <span class='ocrx_word' id='word_1_79' title='bbox 871 1285 999 1369; x_wconf 86' lang='lat' dir='ltr'>singulis</span> <span class='ocrx_word' id='word_1_80' title='bbox 1023 1285 1193 1367; x_wconf 84' lang='lat' dir='ltr'>quibusque</span> 
     </span>
     <span class='ocr_line' id='line_1_11' title="bbox 48 1387 1192 1470; baseline -0.002 -17"><span class='ocrx_word' id='word_1_81' title='bbox 48 1390 176 1453; x_wconf 86' lang='lat' dir='ltr'>¹⁰rebus</span> <span class='ocrx_word' id='word_1_82' title='bbox 199 1390 231 1452; x_wconf 93' lang='lat' dir='ltr'>in</span> <span class='ocrx_word' id='word_1_83' title='bbox 254 1390 355 1453; x_wconf 91' lang='lat' dir='ltr'>locum</span> <span class='ocrx_word' id='word_1_84' title='bbox 378 1387 518 1469; x_wconf 87' lang='lat' dir='ltr'>dispositi</span> <span class='ocrx_word' id='word_1_85' title='bbox 540 1388 654 1451; x_wconf 83' lang='lat' dir='ltr'>ordinis</span> <span class='ocrx_word' id='word_1_86' title='bbox 677 1388 855 1470; x_wconf 87' lang='lat' dir='ltr'>segregatis,</span> <span class='ocrx_word' id='word_1_87' title='bbox 883 1391 964 1452; x_wconf 89' lang='lat' dir='ltr'>terra</span> <span class='ocrx_word' id='word_1_88' title='bbox 986 1387 1115 1452; x_wconf 87' lang='lat' dir='ltr'>solidata</span> <span class='ocrx_word' id='word_1_89' title='bbox 1136 1392 1192 1467; x_wconf 82' lang='lat' dir='ltr'>est,</span> 
     </span>
     <span class='ocr_line' id='line_1_12' title="bbox 88 1488 1193 1574; baseline -0.001 -20"><span class='ocrx_word' id='word_1_90' title='bbox 88 1496 119 1556; x_wconf 93' lang='lat' dir='ltr'>ut</span> <span class='ocrx_word' id='word_1_91' title='bbox 135 1493 281 1556; x_wconf 87' lang='lat' dir='ltr'>alterutro</span> <span class='ocrx_word' id='word_1_92' title='bbox 304 1492 541 1554; x_wconf 87' lang='lat' dir='ltr'>aelementorum</span> <span class='ocrx_word' id='word_1_93' title='bbox 558 1490 728 1554; x_wconf 90' lang='lat' dir='ltr'>ministerio</span> <span class='ocrx_word' id='word_1_94' title='bbox 746 1494 958 1573; x_wconf 81' lang='lat' dir='ltr'>praecurrente</span> <span class='ocrx_word' id='word_1_95' title='bbox 980 1488 1102 1574; x_wconf 70' lang='lat' dir='ltr'>perdita</span> <span class='ocrx_word' id='word_1_96' title='bbox 1116 1494 1193 1553; x_wconf 90' lang='lat' dir='ltr'>tem·</span> 
     </span>
     <span class='ocr_line' id='line_1_13' title="bbox 87 1593 1193 1675; baseline -0.004 -16"><span class='ocrx_word' id='word_1_97' title='bbox 87 1613 194 1675; x_wconf 89' lang='lat' dir='ltr'>porum</span> <span class='ocrx_word' id='word_1_98' title='bbox 220 1595 286 1658; x_wconf 88' lang='lat' dir='ltr'>uice</span> <span class='ocrx_word' id='word_1_99' title='bbox 308 1612 400 1656; x_wconf 91' lang='lat' dir='ltr'>usum</span> <span class='ocrx_word' id='word_1_100' title='bbox 425 1593 562 1675; x_wconf 86' lang='lat' dir='ltr'>dispositi</span> <span class='ocrx_word' id='word_1_101' title='bbox 590 1593 689 1675; x_wconf 91' lang='lat' dir='ltr'>operis</span> <span class='ocrx_word' id='word_1_102' title='bbox 717 1593 826 1675; x_wconf 90' lang='lat' dir='ltr'>spiritu</span> <span class='ocrx_word' id='word_1_103' title='bbox 856 1593 938 1656; x_wconf 86' lang='lat' dir='ltr'>uitae</span> <span class='ocrx_word' id='word_1_104' title='bbox 968 1593 1104 1656; x_wconf 87' lang='lat' dir='ltr'>animata</span> <span class='ocrx_word' id='word_1_105' title='bbox 1124 1610 1193 1674; x_wconf 91' lang='lat' dir='ltr'>pro-</span> 
     </span>
     <span class='ocr_line' id='line_1_14' title="bbox 87 1695 1192 1777; baseline 0 -19"><span class='ocrx_word' id='word_1_106' title='bbox 87 1697 192 1775; x_wconf 81' lang='lat' dir='ltr'>terret,</span> <span class='ocrx_word' id='word_1_107' title='bbox 227 1714 288 1759; x_wconf 91' lang='lat' dir='ltr'>non</span> <span class='ocrx_word' id='word_1_108' title='bbox 322 1696 402 1777; x_wconf 94' lang='lat' dir='ltr'>quod</span> <span class='ocrx_word' id='word_1_109' title='bbox 435 1698 517 1758; x_wconf 89' lang='lat' dir='ltr'>terra</span> <span class='ocrx_word' id='word_1_110' title='bbox 549 1696 599 1759; x_wconf 89' lang='lat' dir='ltr'>uel</span> <span class='ocrx_word' id='word_1_111' title='bbox 635 1696 754 1759; x_wconf 90' lang='lat' dir='ltr'>caelum</span> <span class='ocrx_word' id='word_1_112' title='bbox 787 1698 840 1758; x_wconf 88' lang='lat' dir='ltr'>aut</span> <span class='ocrx_word' id='word_1_113' title='bbox 873 1696 953 1758; x_wconf 85' lang='lat' dir='ltr'>datis</span> <span class='ocrx_word' id='word_1_114' title='bbox 988 1714 1023 1758; x_wconf 83' lang='lat' dir='ltr'>ex</span> <span class='ocrx_word' id='word_1_115' title='bbox 1057 1695 1192 1776; x_wconf 86' lang='lat' dir='ltr'>cognatis</span> 
     </span>
     <span class='ocr_line' id='line_1_15' title="bbox 86 1797 1192 1880; baseline -0.001 -19"><span class='ocrx_word' id='word_1_116' title='bbox 86 1799 265 1862; x_wconf 80' lang='lat' dir='ltr'>aelementis</span> <span class='ocrx_word' id='word_1_117' title='bbox 295 1797 456 1880; x_wconf 84' lang='lat' dir='ltr'>terrigenis</span> <span class='ocrx_word' id='word_1_118' title='bbox 477 1797 699 1880; x_wconf 88' lang='lat' dir='ltr'>principatibus</span> <span class='ocrx_word' id='word_1_119' title='bbox 721 1797 847 1878; x_wconf 90' lang='lat' dir='ltr'>spiritus</span> <span class='ocrx_word' id='word_1_120' title='bbox 874 1797 1011 1880; x_wconf 90' lang='lat' dir='ltr'>propriae</span> <span class='ocrx_word' id='word_1_121' title='bbox 1033 1797 1192 1878; x_wconf 87' lang='lat' dir='ltr'>potestatis</span> 
     </span>
     <span class='ocr_line' id='line_1_16' title="bbox 42 1897 1193 1982; baseline -0.004 -17"><span class='ocrx_word' id='word_1_122' title='bbox 42 1902 201 1982; x_wconf 64' lang='lat' dir='ltr'>¹⁵aliquid</span> <span class='ocrx_word' id='word_1_123' title='bbox 224 1901 383 1982; x_wconf 84' lang='lat' dir='ltr'>acceperit,</span> <span class='ocrx_word' id='word_1_124' title='bbox 413 1900 467 1963; x_wconf 89' lang='lat' dir='ltr'>sed</span> <span class='ocrx_word' id='word_1_125' title='bbox 490 1903 524 1963; x_wconf 94' lang='lat' dir='ltr'>ut</span> <span class='ocrx_word' id='word_1_126' title='bbox 545 1918 649 1963; x_wconf 92' lang='lat' dir='ltr'>rerum</span> <span class='ocrx_word' id='word_1_127' title='bbox 672 1899 799 1962; x_wconf 88' lang='lat' dir='ltr'>materia</span> <span class='ocrx_word' id='word_1_128' title='bbox 825 1903 1004 1981; x_wconf 87' lang='lat' dir='ltr'>praeparata</span> <span class='ocrx_word' id='word_1_129' title='bbox 1026 1916 1125 1961; x_wconf 90' lang='lat' dir='ltr'>sermo</span> <span class='ocrx_word' id='word_1_130' title='bbox 1147 1897 1193 1961; x_wconf 91' lang='lat' dir='ltr'>di·</span> 
     </span>
     <span class='ocr_line' id='line_1_17' title="bbox 81 2001 1194 2085; baseline -0.004 -17"><span class='ocrx_word' id='word_1_131' title='bbox 81 2006 175 2068; x_wconf 90' lang='lat' dir='ltr'>uinus</span> <span class='ocrx_word' id='word_1_132' title='bbox 198 2003 333 2065; x_wconf 80' lang='lat' dir='ltr'>facturae</span> <span class='ocrx_word' id='word_1_133' title='bbox 355 2020 431 2085; x_wconf 87' lang='lat' dir='ltr'>opus</span> <span class='ocrx_word' id='word_1_134' title='bbox 452 2003 570 2065; x_wconf 90' lang='lat' dir='ltr'>intrans</span> <span class='ocrx_word' id='word_1_135' title='bbox 591 2002 776 2084; x_wconf 88' lang='lat' dir='ltr'>sapientium</span> <span class='ocrx_word' id='word_1_136' title='bbox 798 2005 1028 2083; x_wconf 88' lang='lat' dir='ltr'>praeceptorum</span> <span class='ocrx_word' id='word_1_137' title='bbox 1050 2001 1194 2064; x_wconf 85' lang='lat' dir='ltr'>instituta</span> 
     </span>
     <span class='ocr_line' id='line_1_18' title="bbox 78 2094 1193 2187; baseline -0.004 -16"><span class='ocrx_word' id='word_1_138' title='bbox 78 2106 250 2187; x_wconf 89' lang='lat' dir='ltr'>ooupleret,</span> <span class='ocrx_word' id='word_1_139' title='bbox 272 2110 380 2168; x_wconf 87' lang='lat' dir='ltr'>tenens</span> <span class='ocrx_word' id='word_1_140' title='bbox 403 2104 504 2167; x_wconf 86' lang='lat' dir='ltr'>forum</span> <span class='ocrx_word' id='word_1_141' title='bbox 526 2104 640 2166; x_wconf 87' lang='lat' dir='ltr'>saeculi</span> <span class='ocrx_word' id='word_1_142' title='bbox 662 2104 694 2167; x_wconf 86' lang='lat' dir='ltr'>in</span> <span class='ocrx_word' id='word_1_143' title='bbox 716 2094 925 2167; x_wconf 84' lang='lat' dir='ltr'>habitaculum</span> <span class='ocrx_word' id='word_1_144' title='bbox 940 2103 1099 2166; x_wconf 89' lang='lat' dir='ltr'>homiuum</span> <span class='ocrx_word' id='word_1_145' title='bbox 1122 2121 1193 2166; x_wconf 91' lang='lat' dir='ltr'>cou-</span> 
     </span>
     <span class='ocr_line' id='line_1_19' title="bbox 76 2206 1193 2287; baseline -0.004 -14"><span class='ocrx_word' id='word_1_146' title='bbox 76 2210 239 2273; x_wconf 86' lang='lat' dir='ltr'>stitutum.</span> <span class='ocrx_word' id='word_1_147' title='bbox 264 2207 402 2287; x_wconf 90' lang='lat' dir='ltr'>Denique</span> <span class='ocrx_word' id='word_1_148' title='bbox 417 2207 466 2269; x_wconf 92' lang='lat' dir='ltr'>his</span> <span class='ocrx_word' id='word_1_149' title='bbox 482 2206 623 2270; x_wconf 89' lang='lat' dir='ltr'>omuibus</span> <span class='ocrx_word' id='word_1_150' title='bbox 639 2225 717 2286; x_wconf 91' lang='lat' dir='ltr'>quae</span> <span class='ocrx_word' id='word_1_151' title='bbox 733 2207 922 2270; x_wconf 88' lang='lat' dir='ltr'>conuersatio</span> <span class='ocrx_word' id='word_1_152' title='bbox 938 2206 1044 2269; x_wconf 91' lang='lat' dir='ltr'>muudi</span> <span class='ocrx_word' id='word_1_153' title='bbox 1058 2206 1193 2287; x_wconf 89' lang='lat' dir='ltr'>possidet</span> 
     </span>
     <span class='ocr_line' id='line_1_20' title="bbox 76 2305 1252 2392; baseline -0.002 -17"><span class='ocrx_word' id='word_1_154' title='bbox 76 2311 282 2375; x_wconf 88' lang='lat' dir='ltr'>secuudum</span> <span class='ocrx_word' id='word_1_155' title='bbox 304 2327 419 2392; x_wconf 90' lang='lat' dir='ltr'>genus</span> <span class='ocrx_word' id='word_1_156' title='bbox 442 2326 545 2371; x_wconf 91' lang='lat' dir='ltr'>suum</span> <span class='ocrx_word' id='word_1_157' title='bbox 560 2308 649 2372; x_wconf 83' lang='lat' dir='ltr'>tactis</span> <span class='ocrx_word' id='word_1_158' title='bbox 665 2305 860 2392; x_wconf 67' lang='lat' dir='ltr'>hoilminem</span> <span class='ocrx_word' id='word_1_159' title='bbox 883 2310 925 2371; x_wconf 89' lang='lat' dir='ltr'>ad</span> <span class='ocrx_word' id='word_1_160' title='bbox 946 2308 1142 2390; x_wconf 82' lang='lat' dir='ltr'>imaginem</span> <span class='ocrx_word' id='word_1_161' title='bbox 1157 2312 1192 2372; x_wconf 92' lang='lat' dir='ltr'>et</span> <span class='ocrx_word' id='word_1_162' title='bbox 1215 2319 1252 2373; x_wconf 80' lang='grc'>87</span> 
     </span>
     <span class='ocr_line' id='line_1_21' title="bbox 24 2410 1191 2493; baseline -0.004 -15"><span class='ocrx_word' id='word_1_163' title='bbox 24 2412 364 2477; x_wconf 65' lang='lat' dir='ltr'>*osirnilitudinem</span> <span class='ocrx_word' id='word_1_164' title='bbox 394 2428 495 2474; x_wconf 89' lang='lat' dir='ltr'>suam</span> <span class='ocrx_word' id='word_1_165' title='bbox 524 2411 611 2475; x_wconf 91' lang='lat' dir='ltr'>deus</span> <span class='ocrx_word' id='word_1_166' title='bbox 640 2411 731 2474; x_wconf 84' lang='lat' dir='ltr'>fecit</span> <span class='ocrx_word' id='word_1_167' title='bbox 764 2414 947 2493; x_wconf 86' lang='lat' dir='ltr'>acceptoque</span> <span class='ocrx_word' id='word_1_168' title='bbox 976 2410 1050 2474; x_wconf 92' lang='lat' dir='ltr'>limo</span> <span class='ocrx_word' id='word_1_169' title='bbox 1079 2411 1191 2474; x_wconf 86' lang='lat' dir='ltr'>temoni</span> 
     </span>
     <span class='ocr_line' id='line_1_22' title="bbox 76 2512 1192 2595; baseline -0.003 -17"><span class='ocrx_word' id='word_1_170' title='bbox 76 2514 253 2578; x_wconf 87' lang='lat' dir='ltr'>habitaculi</span> <span class='ocrx_word' id='word_1_171' title='bbox 276 2518 416 2576; x_wconf 92' lang='lat' dir='ltr'>nostrum</span> <span class='ocrx_word' id='word_1_172' title='bbox 437 2530 545 2595; x_wconf 87' lang='lat' dir='ltr'>corpus</span> <span class='ocrx_word' id='word_1_173' title='bbox 561 2512 721 2592; x_wconf 86' lang='lat' dir='ltr'>animauit,</span> <span class='ocrx_word' id='word_1_174' title='bbox 744 2517 779 2576; x_wconf 92' lang='lat' dir='ltr'>ut</span> <span class='ocrx_word' id='word_1_175' title='bbox 793 2513 916 2577; x_wconf 91' lang='lat' dir='ltr'>domiuo</span> <span class='ocrx_word' id='word_1_176' title='bbox 937 2530 1041 2576; x_wconf 86' lang='lat' dir='ltr'>rerum</span> <span class='ocrx_word' id='word_1_177' title='bbox 1055 2513 1192 2576; x_wconf 91' lang='lat' dir='ltr'>omnium</span> 
     </span>
     <span class='ocr_line' id='line_1_23' title="bbox 79 2613 1193 2697; baseline -0.003 -16"><span class='ocrx_word' id='word_1_178' title='bbox 79 2617 208 2681; x_wconf 88' lang='lat' dir='ltr'>homine</span> <span class='ocrx_word' id='word_1_179' title='bbox 237 2616 407 2697; x_wconf 90' lang='lat' dir='ltr'>praeposito</span> <span class='ocrx_word' id='word_1_180' title='bbox 435 2615 469 2678; x_wconf 92' lang='lat' dir='ltr'>in</span> <span class='ocrx_word' id='word_1_181' title='bbox 498 2632 533 2678; x_wconf 90' lang='lat' dir='ltr'>eo</span> <span class='ocrx_word' id='word_1_182' title='bbox 563 2613 729 2677; x_wconf 89' lang='lat' dir='ltr'>sabbatum</span> <span class='ocrx_word' id='word_1_183' title='bbox 756 2615 836 2678; x_wconf 92' lang='lat' dir='ltr'>idest</span> <span class='ocrx_word' id='word_1_184' title='bbox 856 2615 993 2694; x_wconf 89' lang='lat' dir='ltr'>requiem</span> <span class='ocrx_word' id='word_1_185' title='bbox 1023 2632 1111 2677; x_wconf 89' lang='lat' dir='ltr'>suam</span> <span class='ocrx_word' id='word_1_186' title='bbox 1139 2632 1193 2696; x_wconf 93' lang='lat' dir='ltr'>po-</span> 
     </span>
     <span class='ocr_line' id='line_1_24' title="bbox 81 2716 1193 2800; baseline -0.003 -17"><span class='ocrx_word' id='word_1_187' title='bbox 81 2722 180 2797; x_wconf 89' lang='lat' dir='ltr'>neret,</span> <span class='ocrx_word' id='word_1_188' title='bbox 209 2716 263 2780; x_wconf 90' lang='lat' dir='ltr'>ubi</span> <span class='ocrx_word' id='word_1_189' title='bbox 292 2716 460 2800; x_wconf 84' lang='lat' dir='ltr'>imaginem</span> <span class='ocrx_word' id='word_1_190' title='bbox 489 2734 577 2779; x_wconf 91' lang='lat' dir='ltr'>suam</span> <span class='ocrx_word' id='word_1_191' title='bbox 608 2719 639 2780; x_wconf 91' lang='lat' dir='ltr'>ct</span> <span class='ocrx_word' id='word_1_192' title='bbox 668 2716 901 2779; x_wconf 92' lang='lat' dir='ltr'>similitudinem</span> <span class='ocrx_word' id='word_1_193' title='bbox 930 2720 1129 2799; x_wconf 88' lang='lat' dir='ltr'>corporasset,</span> <span class='ocrx_word' id='word_1_194' title='bbox 1158 2733 1193 2780; x_wconf 86' lang='lat' dir='ltr'>ac</span> 
     </span>
     <span class='ocr_line' id='line_1_25' title="bbox 81 2818 1194 2903; baseline -0.003 -19"><span class='ocrx_word' id='word_1_195' title='bbox 81 2825 155 2903; x_wconf 91' lang='lat' dir='ltr'>post</span> <span class='ocrx_word' id='word_1_196' title='bbox 169 2819 293 2882; x_wconf 88' lang='lat' dir='ltr'>traduce</span> <span class='ocrx_word' id='word_1_197' title='bbox 309 2822 419 2882; x_wconf 88' lang='lat' dir='ltr'>natura</span> <span class='ocrx_word' id='word_1_198' title='bbox 440 2818 608 2900; x_wconf 89' lang='lat' dir='ltr'>hospitium</span> <span class='ocrx_word' id='word_1_199' title='bbox 624 2818 777 2901; x_wconf 87' lang='lat' dir='ltr'>corporale</span> <span class='ocrx_word' id='word_1_200' title='bbox 799 2818 891 2882; x_wconf 90' lang='lat' dir='ltr'>homo</span> <span class='ocrx_word' id='word_1_201' title='bbox 913 2837 949 2882; x_wconf 81' lang='lat' dir='ltr'>ex</span> <span class='ocrx_word' id='word_1_202' title='bbox 967 2818 1091 2882; x_wconf 90' lang='lat' dir='ltr'>homine</span> <span class='ocrx_word' id='word_1_203' title='bbox 1106 2829 1194 2901; x_wconf 86' lang='lat' dir='ltr'>prae·</span> 
     </span>
     <span class='ocr_line' id='line_1_26' title="bbox 51 2919 1193 3001; baseline -0.002 -15"><span class='ocrx_word' id='word_1_204' title='bbox 51 2939 210 2990; x_wconf 74' lang='lat' dir='ltr'>resumens</span> <span class='ocrx_word' id='word_1_205' title='bbox 233 2938 302 2983; x_wconf 87' lang='lat' dir='ltr'>caro</span> <span class='ocrx_word' id='word_1_206' title='bbox 325 2923 500 2983; x_wconf 85' lang='lat' dir='ltr'>nasceretur</span> <span class='ocrx_word' id='word_1_207' title='bbox 522 2938 557 2984; x_wconf 81' lang='lat' dir='ltr'>cx</span> <span class='ocrx_word' id='word_1_208' title='bbox 580 2938 681 2999; x_wconf 85' lang='lat' dir='ltr'>carne,</span> <span class='ocrx_word' id='word_1_209' title='bbox 711 2921 742 2983; x_wconf 94' lang='lat' dir='ltr'>iu</span> <span class='ocrx_word' id='word_1_210' title='bbox 765 2937 825 3001; x_wconf 92' lang='lat' dir='ltr'>quo</span> <span class='ocrx_word' id='word_1_211' title='bbox 847 2920 1022 2984; x_wconf 87' lang='lat' dir='ltr'>constitutis</span> <span class='ocrx_word' id='word_1_212' title='bbox 1044 2919 1132 2984; x_wconf 90' lang='lat' dir='ltr'>nobis</span> <span class='ocrx_word' id='word_1_213' title='bbox 1162 2923 1193 2984; x_wconf 87' lang='lat' dir='ltr'>et</span> 
     </span>
     <span class='ocr_line' id='line_1_27' title="bbox 84 3022 1194 3103; baseline -0.001 -16"><span class='ocrx_word' id='word_1_214' title='bbox 84 3024 259 3087; x_wconf 88' lang='lat' dir='ltr'>diuinorum</span> <span class='ocrx_word' id='word_1_215' title='bbox 274 3022 488 3085; x_wconf 87' lang='lat' dir='ltr'>mandatorum</span> <span class='ocrx_word' id='word_1_216' title='bbox 500 3023 585 3085; x_wconf 86' lang='lat' dir='ltr'>iussa</span> <span class='ocrx_word' id='word_1_217' title='bbox 600 3022 788 3086; x_wconf 82' lang='lat' dir='ltr'>sectantibus</span> <span class='ocrx_word' id='word_1_218' title='bbox 801 3023 907 3087; x_wconf 89' lang='lat' dir='ltr'>mundi</span> <span class='ocrx_word' id='word_1_219' title='bbox 921 3040 997 3103; x_wconf 93' lang='lat' dir='ltr'>opus</span> <span class='ocrx_word' id='word_1_220' title='bbox 1013 3026 1045 3086; x_wconf 88' lang='lat' dir='ltr'>et</span> <span class='ocrx_word' id='word_1_221' title='bbox 1055 3026 1194 3086; x_wconf 88' lang='lat' dir='ltr'>terrenae</span> 
     </span>
     <span class='ocr_line' id='line_1_28' title="bbox 84 3121 1192 3209; baseline -0.001 -20"><span class='ocrx_word' id='word_1_222' title='bbox 84 3125 230 3196; x_wconf 85' lang='lat' dir='ltr'>materiae</span> <span class='ocrx_word' id='word_1_223' title='bbox 244 3121 248 3207; x_wconf 69' lang='lat' dir='ltr'><strong>j</strong></span> <span class='ocrx_word' id='word_1_224' title='bbox 261 3128 404 3187; x_wconf 87' lang='lat' dir='ltr'>naturam</span> <span class='ocrx_word' id='word_1_225' title='bbox 416 3124 585 3187; x_wconf 86' lang='lat' dir='ltr'>castificata</span> <span class='ocrx_word' id='word_1_226' title='bbox 599 3142 668 3189; x_wconf 87' lang='lat' dir='ltr'>caro</span> <span class='ocrx_word' id='word_1_227' title='bbox 684 3125 830 3204; x_wconf 89' lang='lat' dir='ltr'>uinceret,</span> <span class='ocrx_word' id='word_1_228' title='bbox 845 3122 902 3209; x_wconf 84' lang='lat' dir='ltr'>(et)</span> <span class='ocrx_word' id='word_1_229' title='bbox 916 3125 1008 3188; x_wconf 92' lang='lat' dir='ltr'>homo</span> <span class='ocrx_word' id='word_1_230' title='bbox 1023 3124 1192 3189; x_wconf 90' lang='lat' dir='ltr'>ministerio</span> 
     </span>
     <span class='ocr_line' id='line_1_29' title="bbox 85 3226 1194 3309; baseline 0.001 -19"><span class='ocrx_word' id='word_1_231' title='bbox 85 3228 199 3290; x_wconf 89' lang='lat' dir='ltr'>saeculi</span> <span class='ocrx_word' id='word_1_232' title='bbox 228 3244 302 3289; x_wconf 90' lang='lat' dir='ltr'>usus</span> <span class='ocrx_word' id='word_1_233' title='bbox 324 3243 385 3289; x_wconf 91' lang='lat' dir='ltr'>non</span> <span class='ocrx_word' id='word_1_234' title='bbox 415 3226 679 3307; x_wconf 83' lang='lat' dir='ltr'>concupiscentiae</span> <span class='ocrx_word' id='word_1_235' title='bbox 705 3227 864 3290; x_wconf 87' lang='lat' dir='ltr'>uoluntate</span> <span class='ocrx_word' id='word_1_236' title='bbox 894 3227 1039 3309; x_wconf 89' lang='lat' dir='ltr'>deceptus</span> <span class='ocrx_word' id='word_1_237' title='bbox 1066 3226 1194 3292; x_wconf 85' lang='lat' dir='ltr'>haberet</span> 
     </span>
    </p>
   </div>
   <div class='ocr_carea' id='block_1_3' title="bbox 85 3409 1191 3559">
    <p class='ocr_par' dir='ltr' id='par_1_3' title="bbox 85 3409 1191 3559">
     <span class='ocr_line' id='line_1_30' title="bbox 185 3409 1191 3481; baseline -0.001 -14"><span class='ocrx_word' id='word_1_238' title='bbox 185 3412 381 3475; x_wconf 83' lang='lat' dir='ltr'>2Ger1.l,1.-</span> <span class='ocrx_word' id='word_1_239' title='bbox 458 3409 565 3467; x_wconf 80' lang='lat' dir='ltr'>acen.</span> <span class='ocrx_word' id='word_1_240' title='bbox 587 3414 610 3474; x_wconf 84' lang='lat'>1,</span> <span class='ocrx_word' id='word_1_241' title='bbox 631 3412 655 3465; x_wconf 88' lang='lat'>3.</span> <span class='ocrx_word' id='word_1_242' title='bbox 736 3413 769 3466; x_wconf 89' lang='grc'>19</span> <span class='ocrx_word' id='word_1_243' title='bbox 795 3410 858 3466; x_wconf 85' lang='lat' dir='ltr'>Gen.</span> <span class='ocrx_word' id='word_1_244' title='bbox 881 3413 904 3474; x_wconf 88' lang='lat'>1,</span> <span class='ocrx_word' id='word_1_245' title='bbox 926 3413 967 3467; x_wconf 83' lang='lat'>21.</span> <span class='ocrx_word' id='word_1_246' title='bbox 1046 3411 1191 3481; x_wconf 83' lang='lat' dir='ltr'>homiuem]</span> 
     </span>
     <span class='ocr_line' id='line_1_31' title="bbox 85 3498 239 3559; baseline -0.019 -6"><span class='ocrx_word' id='word_1_247' title='bbox 85 3498 149 3553; x_wconf 87' lang='lat' dir='ltr'>Gen.</span> <span class='ocrx_word' id='word_1_248' title='bbox 164 3498 239 3559; x_wconf 82' lang='grc'><strong>1,27.</strong></span> 
     </span>
    </p>
   </div>
   <div class='ocr_carea' id='block_1_4' title="bbox 126 3675 1190 3814">
    <p class='ocr_par' dir='ltr' id='par_1_4' title="bbox 126 3675 1190 3814">
     <span class='ocr_line' id='line_1_32' title="bbox 126 3675 1190 3814; baseline 0.003 -22"><span class='ocrx_word' id='word_1_249' title='bbox 126 3741 142 3792; x_wconf 84' lang='lat'>2</span> <span class='ocrx_word' id='word_1_250' title='bbox 162 3693 250 3797; x_wconf 54' lang='grc' dir='ltr'>ΙεεΐᾸε</span> <span class='ocrx_word' id='word_1_251' title='bbox 325 3675 563 3808; x_wconf 61' lang='lat' dir='ltr'>iserdum,</span> <span class='ocrx_word' id='word_1_252' title='bbox 583 3734 652 3799; x_wconf 82' lang='lat' dir='ltr'>tan</span> <span class='ocrx_word' id='word_1_253' title='bbox 670 3726 720 3800; x_wconf 84' lang='lat' dir='ltr'>in)</span> <span class='ocrx_word' id='word_1_254' title='bbox 736 3751 800 3787; x_wconf 73' lang='lat' dir='ltr'>eras.</span> <span class='ocrx_word' id='word_1_255' title='bbox 870 3676 1090 3814; x_wconf 60' lang='lat' dir='ltr'>retribuum,</span> <span class='ocrx_word' id='word_1_256' title='bbox 1112 3747 1123 3797; x_wconf 81' lang='lat' dir='ltr'>r</span> <span class='ocrx_word' id='word_1_257' title='bbox 1138 3754 1166 3791; x_wconf 76' lang='lat' dir='ltr'>ex</span> <span class='ocrx_word' id='word_1_258' title='bbox 1183 3749 1190 3795; x_wconf 86' lang='grc' dir='ltr'>ι</span> 
     </span>
    </p>
   </div>
   <div class='ocr_carea' id='block_1_5' title="bbox 84 3847 1195 3969">
    <p class='ocr_par' dir='ltr' id='par_1_5' title="bbox 84 3847 1195 3969">
     <span class='ocr_line' id='line_1_33' title="bbox 84 3847 1195 3969; baseline 0.012 -25"><span class='ocrx_word' id='word_1_259' title='bbox 84 3889 188 3958; x_wconf 65' lang='lat' dir='ltr'>eona)</span> <span class='ocrx_word' id='word_1_260' title='bbox 256 3892 272 3944; x_wconf 79' lang='lat'>7</span> <span class='ocrx_word' id='word_1_261' title='bbox 291 3871 559 3968; x_wconf 75' lang='lat' dir='ltr'>trsposruoturs,</span> <span class='ocrx_word' id='word_1_262' title='bbox 576 3897 630 3947; x_wconf 78' lang='lat' dir='ltr'>rex</span> <span class='ocrx_word' id='word_1_263' title='bbox 646 3898 653 3944; x_wconf 85' lang='grc' dir='ltr'>ι</span> <span class='ocrx_word' id='word_1_264' title='bbox 669 3902 733 3940; x_wconf 78' lang='lat' dir='ltr'>corr.</span> <span class='ocrx_word' id='word_1_265' title='bbox 805 3847 1022 3969; x_wconf 47' lang='lat' dir='ltr'>coemenda,</span> <span class='ocrx_word' id='word_1_266' title='bbox 1039 3889 1108 3954; x_wconf 81' lang='lat' dir='ltr'>eon</span> <span class='ocrx_word' id='word_1_267' title='bbox 1123 3891 1195 3956; x_wconf 81' lang='lat' dir='ltr'>nes)</span> 
     </span>
    </p>
   </div>
   <div class='ocr_carea' id='block_1_6' title="bbox 84 4000 1195 4224">
    <p class='ocr_par' dir='ltr' id='par_1_6' title="bbox 84 4000 1195 4224">
     <span class='ocr_line' id='line_1_34' title="bbox 84 4000 1192 4123; baseline -0.003 -22"><span class='ocrx_word' id='word_1_268' title='bbox 84 4064 148 4101; x_wconf 87' lang='lat' dir='ltr'>eras.</span> <span class='ocrx_word' id='word_1_269' title='bbox 210 4046 242 4098; x_wconf 78' lang='lat'>12</span> <span class='ocrx_word' id='word_1_270' title='bbox 256 4000 501 4123; x_wconf 55' lang='lat' dir='ltr'>thpo{ttt,1(iu</span> <span class='ocrx_word' id='word_1_271' title='bbox 519 4043 589 4121; x_wconf 73' lang='lat' dir='ltr'>pol)</span> <span class='ocrx_word' id='word_1_272' title='bbox 605 4040 650 4093; x_wconf 91' lang='lat' dir='ltr'>liu.</span> <span class='ocrx_word' id='word_1_273' title='bbox 664 4039 714 4094; x_wconf 87' lang='lat' dir='ltr'>dcl.</span> <span class='ocrx_word' id='word_1_274' title='bbox 785 4045 815 4097; x_wconf 83' lang='grc'>17</span> <span class='ocrx_word' id='word_1_275' title='bbox 831 4033 950 4101; x_wconf 70' lang='lat' dir='ltr'>{ouum</span> <span class='ocrx_word' id='word_1_276' title='bbox 1006 4045 1039 4098; x_wconf 83' lang='lat'>24</span> <span class='ocrx_word' id='word_1_277' title='bbox 1051 4051 1192 4123; x_wconf 72' lang='grc' dir='ltr'>ρκΑεΒυ</span> 
     </span>
     <span class='ocr_line' id='line_1_35' title="bbox 85 4127 1195 4224; baseline -0.009 -16"><span class='ocrx_word' id='word_1_278' title='bbox 85 4127 326 4222; x_wconf 64' lang='grc' dir='ltr'>(ὈΕΝΞεΙςΑκο,</span> <span class='ocrx_word' id='word_1_279' title='bbox 346 4153 364 4203; x_wconf 83' lang='lat' dir='ltr'>c</span> <span class='ocrx_word' id='word_1_280' title='bbox 381 4142 410 4195; x_wconf 89' lang='lat' dir='ltr'>iu</span> <span class='ocrx_word' id='word_1_281' title='bbox 427 4158 517 4196; x_wconf 84' lang='lat' dir='ltr'>uersus</span> <span class='ocrx_word' id='word_1_282' title='bbox 534 4142 587 4196; x_wconf 87' lang='lat' dir='ltr'>fine</span> <span class='ocrx_word' id='word_1_283' title='bbox 604 4159 668 4196; x_wconf 86' lang='lat' dir='ltr'>eras.</span> <span class='ocrx_word' id='word_1_284' title='bbox 720 4145 753 4198; x_wconf 79' lang='lat'>25</span> <span class='ocrx_word' id='word_1_285' title='bbox 772 4144 849 4224; x_wconf 78' lang='lat' dir='ltr'>quo]</span> <span class='ocrx_word' id='word_1_286' title='bbox 861 4143 900 4197; x_wconf 89' lang='lat' dir='ltr'>ita</span> <span class='ocrx_word' id='word_1_287' title='bbox 917 4143 974 4198; x_wconf 89' lang='lat' dir='ltr'>cod.</span> <span class='ocrx_word' id='word_1_288' title='bbox 1025 4146 1058 4199; x_wconf 72' lang='lat'>27</span> <span class='ocrx_word' id='word_1_289' title='bbox 1072 4153 1109 4205; x_wconf 81' lang='grc' dir='ltr'>εῐ</span> <span class='ocrx_word' id='word_1_290' title='bbox 1122 4144 1195 4198; x_wconf 88' lang='lat' dir='ltr'>deest</span> 
     </span>
    </p>
   </div>
   <div class='ocr_carea' id='block_1_7' title="bbox 135 4251 1042 4307">
    <p class='ocr_par' dir='ltr' id='par_1_7' title="bbox 135 4251 1042 4307">
     <span class='ocr_line' id='line_1_36' title="bbox 135 4251 1042 4307; baseline -0.009 -1"><span class='ocrx_word' id='word_1_291' title='bbox 135 4265 207 4307; x_wconf 79' lang='lat' dir='ltr'>uvul.</span> <span class='ocrx_word' id='word_1_292' title='bbox 224 4263 313 4304; x_wconf 80' lang='lat' dir='ltr'>Priscili.</span> <span class='ocrx_word' id='word_1_293' title='bbox 1026 4251 1042 4298; x_wconf 75' lang='grc' dir='ltr'><strong>ὅ</strong></span> 
     </span>
    </p>
   </div>
   <div class='ocr_carea' id='block_1_8' title="bbox 0 0 1418 4634">
    <p class='ocr_par' dir='ltr' id='par_1_8' title="bbox 0 0 1418 4634">
     <span class='ocr_line' id='line_1_37' title="bbox 0 0 1418 4634; baseline 0 0"><span class='ocrx_word' id='word_1_294' title='bbox 0 0 1418 4634; x_wconf 95' lang='lat' dir='ltr'> </span> 
     </span>
    </p>
   </div>
  </div>
 </body>
</html>
