2850 4628
624 309 785 361 tractatus
803 307 825 361 I.
1242 291 1289 358 -13

166 461 243 526 -bae
270 465 356 526 sunt
381 465 417 530 et
438 464 566 545 gentes
593 465 630 525 et
649 460 807 544 linguae.
838 453 932 527 Sicut
946 466 977 527 et
998 454 1042 527 ibi
1063 462 1210 543 Iohannis
1221 458 1290 527 fait:

162 563 315 637 cecidit
340 563 476 628 cecidit
496 561 662 645 Babylon
684 559 829 652 maglna
847 567 884 628 et
902 563 1002 628 facta
1023 567 1080 628 est
1105 563 1291 628 habitatio

178 665 464 744 daemoniorum,
490 664 639 746 quiade
661 664 716 728 ira
736 664 995 730 fornicationis
1018 666 1096 730 eius
1117 664 1292 746 biberant

177 769 324 851 gentes;
347 767 459 850 etipse
480 766 538 830 ibi:
561 769 597 830 et
617 765 764 830 flebunt
785 766 1004 850 plangentes
1027 786 1064 831 se
1086 786 1194 852 super
1215 766 1292 846 illa,

149 869 263 950 oquia
284 885 364 958 curn
389 869 470 952 ipra
495 869 672 933 fornicati
698 871 841 932 suntet
867 869 904 933 in
925 869 1073 934 deliciis
1095 870 1173 934 eins
1196 869 1293 933 uixe-

175 974 272 1035 'rant
307 969 392 1036 Sicut
421 974 452 1035 ot
481 971 636 1053 apostolus
663 970 721 1034 ait:
751 987 822 1034 non
848 971 1035 1036 estuobis
1062 971 1292 1037 conluctatio

177 1076 307 1138 contra
327 1089 471 1136 carnem
499 1075 534 1136 et
556 1073 786 1155 sauguinem,
813 1072 876 1135 secl
897 1075 1024 1137 contra
1048 1072 1236 1157 principes
1257 1075 1294 1136 et

178 1176 385 1258 potestates
410 1173 536 1238 mundi
565 1174 674 1238 huius
701 1177 863 1238 rectores
893 1172 1022 1238 harum
1048 1175 1293 1254 tenebrarum,

110 1273 112 1278 ’
179 1276 355 1340 aduersus
375 1274 566 1358 spiritales
586 1275 770 1356 nequitias
789 1276 826 1340 in
841 1270 1075 1341 caelestibus.
1099 1274 1185 1341 Sicut
1200 1279 1231 1340 et
1244 1275 1294 1340 lo-

137 1395 166 1436 ro
178 1376 291 1443 munis
306 1377 362 1440 aitr
382 1376 459 1440 uidi
474 1376 515 1439 de
529 1394 589 1440 cre
604 1377 773 1441 draconis
793 1364 830 1440 et
848 1377 890 1440 de
905 1394 955 1440 ore
969 1376 1111 1441 bestiae
1126 1377 1219 1442 etde
1233 1395 1293 1442 ore

177 1477 482 1564 pseudoprofetae
506 1478 661 1561 spiritus
675 1475 685 1564 {t
698 1481 774 1543 tres
792 1479 985 1544 inmundos
1009 1480 1106 1565 sicut
1126 1497 1242 1545 ranas
1257 1484 1293 1543 et
1318 1488 1355 1542 14

115 1667 117 1672 Ι
178 1582 216 1647 hi
235 1584 320 1646 sunt
339 1581 492 1663 spiritus
513 1580 793 1661 daemoniorum,
814 1581 878 1662 qui
892 1581 1200 1666 facientessigua
1217 1600 1294 1664 prc-

177 1683 310 1756 cedunt
324 1683 368 1746 acl
382 1680 650 1748 conturbandos
665 1701 769 1764 reges
784 1681 883 1746 orbis
903 1685 1031 1747 terrae.
1048 1683 1198 1765 Denique,
1214 1683 1294 1747 sicut

178 1785 292 1849 initiati
306 1785 339 1848 iu
354 1782 476 1848 Christo
490 1785 591 1866 prima
606 1788 748 1867 acceptae
762 1783 834 1848 fidei
847 1784 1022 1849 rudimenta
1035 1786 1215 1865 retinemus,
1235 1785 1294 1850 sci-

139 1903 166 1945 ιι
178 1872 248 1952 urus
271 1904 327 1951 nos
348 1887 513 1950 credidisse
536 1887 616 1968 quod
639 1887 791 1950 credimus
814 1871 869 1951 deo
889 1891 920 1951 et
933 1888 1127 1951 renuntiasse
1147 1887 1227 1969 quod
1245 1906 1294 1950 re-

178 1988 390 2062 nuntianimus
406 1986 513 2051 nabulo
533 1992 564 2051 et
585 1987 662 2051 illud
677 2006 744 2051 esse
755 1988 840 2070 quod
860 1988 925 2053 fera
939 1988 1059 2069 dicitur,
1083 1989 1174 2052 deum
1190 1984 1294 2052 autem

178 2109 247 2163 esse
265 2090 346 2172 quod
361 2088 502 2154 Christus
522 2089 609 2153 Iesus
630 2093 685 2153 est.
708 2088 794 2154 Sicut
808 2094 840 2154 et
860 2091 1015 2172 apostolus
1035 2091 1092 2156 ait:
1115 2109 1179 2155 nco
1199 2093 1293 2154 euim

178 2193 220 2256 de
239 2191 357 2257 bubus
377 2209 464 2255 cura
481 2195 538 2255 est
557 2191 631 2271 dec,
654 2191 716 2255 sed
735 2192 776 2255 de
796 2191 901 2255 nobis
921 2192 1021 2272 dicit,
1043 2194 1213 2275 quoniam
1232 2194 1293 2274 qui

156 2285 166 2298 ⁶
179 2297 260 2359 orat
281 2293 319 2358 in
342 2312 404 2378 spe
424 2292 533 2367 debet
551 2311 652 2357 arare
671 2297 708 2358 et
725 2294 906 2358 triturans
927 2294 1005 2376 spei
1024 2312 1109 2359 suae
1129 2295 1293 2359 fructum

138 2413 166 2454 ro
178 2396 376 2480 percipere.
397 2396 402 2476 Ι
424 2394 523 2463 Nemo
550 2412 621 2478 ergo
647 2395 736 2459 nobis
762 2395 953 2461 intellectum
978 2397 1117 2479 propriae
1142 2399 1293 2479 peruersi-

177 2496 440 2570 tatisadsoribat3
470 2498 722 2578 unusquisque
743 2496 867 2560 uerbis
890 2497 968 2561 suis
990 2497 1293 2562 condemnabitur·

178 2604 215 2665 et
232 2599 357 2663 uerbis
377 2599 452 2662 suis
471 2598 758 2673 iustificabitur3
778 2616 833 2662 uos
849 2599 930 2681 quod
944 2600 1097 2684 credimus
1112 2600 1293 2664 wnfitemur

178 2704 210 2765 et
231 2703 444 2765 scrutantes
470 2701 675 2782 scripturas
702 2701 836 2784 speciem
858 2700 1087 2765 daemoniorum
1112 2705 1292 2784 respuentes

141 2805 143 2808 ’
177 2800 397 2885 intellegimur,
408 2802 489 2868 siout
499 2800 650 2866 scribtum
664 2805 721 2881 est,
737 2801 975 2866 altitudinem
986 2806 1148 2883 satanae,
1161 2803 1292 2866 scientes

280 2987 394 3057 arpo.
413 2990 453 3052 re,
471 2990 495 3044 a.
513 2990 537 3043 a.
606 2986 719 3056 rupo.
739 2956 779 3050 ra,
797 2990 822 3044 c.
890 2988 990 3057 cupa.
1008 2991 1032 3052 e,
1051 2990 1091 3044 ra.
1161 2946 1193 3045 ro
1211 2987 1292 3057 spos.

180 3074 328 3137 aaran.
399 3074 429 3128 ιι
448 3072 470 3126 1.
487 3071 545 3128 cor.
562 3075 587 3136 o,
604 3074 628 3127 o.
642 3074 682 3128 ιο.
751 3074 783 3127 ar
797 3072 891 3126 naeu.
906 3075 999 3136 rasa
1068 3075 1101 3128 aa
1119 3072 1152 3126 er.
1165 3073 1202 3127 10.
1214 3077 1238 3135 c,
1250 3075 1292 3128 eo.

179 3157 305 3225 osseos
318 3159 399 3222 aes.

282 3313 313 3366 14
333 3309 466 3381 Cypriani
489 3311 544 3364 uita
565 3309 615 3377 (cd.
634 3310 735 3373 Hartel,
752 3311 833 3379 praef.
851 3327 877 3380 p.
895 3311 978 3376 XCII,
996 3312 1034 3380 lt:
1059 3313 1129 3366 iuter
1148 3312 1211 3369 fidei
1231 3328 1293 3367 suae

179 3395 265 3464 prima
281 3395 437 3462 rudimenta.
463 3394 581 3463 Οιοιίιιι,
597 3397 658 3450 latet.
671 3396 731 3472 ario.
742 3412 841 3465 papea.
856 3398 973 3465 mee,
986 3402 1020 3451 19
1038 3396 1089 3466 (ecl
1102 3396 1294 3464 Zaugomeiste'r

178 3496 204 3549 p.
222 3482 281 3544 520,
300 3480 354 3548 l8):
373 3478 453 3534 uochi
469 3479 569 3548 primae
585 3478 647 3533 fidei
665 3480 814 3534 rudimento
831 3480 902 3549 qued
919 3497 1038 3551 accepere
1055 3484 1203 3536 tenuerunt.

222 3670 236 3723 1
256 3683 286 3721 ex
298 3660 382 3728 Alibi
396 3683 469 3731 corn,
488 3668 568 3723 erasis
578 3664 677 3721 litteris
688 3660 726 3728 ΑΙ
793 3671 812 3723 4
829 3685 860 3723 ex
869 3661 952 3729 ΑΙιῠι
966 3685 1039 3733 corr..
1051 3645 1158 3723 litterae
1167 3660 1206 3728 al
1216 3668 1291 3724 lineis

179 3807 307 3874 obductae
319 3823 346 3874 et
355 3821 460 3890 punctis
472 3820 640 3889 superpositis
649 3818 748 3873 deletae
760 3824 822 3876 sunt
874 3824 906 3877 10
920 3781 1126 3898 ιοὴΑΝΝὲΒ,
1146 3829 1166 3880 Ε
1183 3819 1229 3874 lin·
1242 3818 1292 3874 del·

181 3975 211 4030 ll
230 3981 424 4058 ξριιιιτυυε,
442 3931 494 4028 litt.
514 3983 536 4032 υ
560 3972 672 4026 secundo
693 3971 750 4032 loco
771 3971 850 4025 lineis
872 3972 958 4026 deleta
977 3976 1017 4026 est
1090 3975 1123 4029 16
1151 3911 1289 4050 ζδᾸῦυΙο,

179 4085 262 4195 qun.
279 4125 328 4180 ou.
398 4122 435 4181 ‘ao
451 4084 601 4208 proposi
