<?xml version="1.0" encoding="UTF-8"?>
<!DOCTYPE html PUBLIC "-//W3C//DTD XHTML 1.0 Transitional//EN"
    "http://www.w3.org/TR/xhtml1/DTD/xhtml1-transitional.dtd">
<html xmlns="http://www.w3.org/1999/xhtml" xml:lang="en" lang="en">
 <head>
  <title>
</title>
<meta http-equiv="Content-Type" content="text/html;charset=utf-8" />
  <meta name='ocr-system' content='tesseract 3.04.00' />
  <meta name='ocr-capabilities' content='ocr_page ocr_carea ocr_par ocr_line ocrx_word'/>
</head>
<body>
  <div class='ocr_page' id='page_1' title='image "./priscillianiqva01schegoog/priscillianiqva01schegoog_0106.png"; bbox 0 0 2812 4634; ppageno 0'>
   <div class='ocr_carea' id='block_1_1' title="bbox 150 274 805 344">
    <p class='ocr_par' dir='ltr' id='par_1_1' title="bbox 150 274 805 344">
     <span class='ocr_line' id='line_1_1' title="bbox 150 274 805 344; baseline -0.011 5"><span class='ocrx_word' id='word_1_1' title='bbox 150 274 193 339; x_wconf 70' lang='lat'>52</span> <span class='ocrx_word' id='word_1_2' title='bbox 602 289 805 344; x_wconf 88' lang='lat' dir='ltr'>Priscilliani</span> 
     </span>
    </p>
   </div>
   <div class='ocr_carea' id='block_1_2' title="bbox 69 445 1303 2976">
    <p class='ocr_par' dir='ltr' id='par_1_2' title="bbox 146 445 1303 1753">
     <span class='ocr_line' id='line_1_2' title="bbox 151 445 1265 526; baseline 0 -17"><span class='ocrx_word' id='word_1_3' title='bbox 151 449 217 510; x_wconf 89' lang='lat' dir='ltr'>tum</span> <span class='ocrx_word' id='word_1_4' title='bbox 240 449 299 510; x_wconf 90' lang='lat' dir='ltr'>est:</span> <span class='ocrx_word' id='word_1_5' title='bbox 330 464 432 509; x_wconf 93' lang='lat' dir='ltr'>nemo</span> <span class='ocrx_word' id='word_1_6' title='bbox 463 447 557 508; x_wconf 92' lang='lat' dir='ltr'>enim</span> <span class='ocrx_word' id='word_1_7' title='bbox 587 445 676 508; x_wconf 87' lang='lat' dir='ltr'>dicit</span> <span class='ocrx_word' id='word_1_8' title='bbox 697 445 732 509; x_wconf 94' lang='lat' dir='ltr'>in</span> <span class='ocrx_word' id='word_1_9' title='bbox 762 445 895 526; x_wconf 85' lang='lat' dir='ltr'>spiritu</span> <span class='ocrx_word' id='word_1_10' title='bbox 918 447 1051 508; x_wconf 49' lang='lat' dir='ltr'>sancto&gt;</span> <span class='ocrx_word' id='word_1_11' title='bbox 1068 445 1265 509; x_wconf 88' lang='lat' dir='ltr'>anathema</span> 
     </span>
     <span class='ocr_line' id='line_1_3' title="bbox 150 547 1262 628; baseline 0 -18"><span class='ocrx_word' id='word_1_12' title='bbox 150 548 233 610; x_wconf 90' lang='lat' dir='ltr'>Iesu</span> <span class='ocrx_word' id='word_1_13' title='bbox 256 550 290 611; x_wconf 86' lang='lat' dir='ltr'>et</span> <span class='ocrx_word' id='word_1_14' title='bbox 311 565 413 610; x_wconf 90' lang='lat' dir='ltr'>nemo</span> <span class='ocrx_word' id='word_1_15' title='bbox 436 547 508 611; x_wconf 89' lang='lat' dir='ltr'>nisi</span> <span class='ocrx_word' id='word_1_16' title='bbox 530 549 565 610; x_wconf 90' lang='lat' dir='ltr'>in</span> <span class='ocrx_word' id='word_1_17' title='bbox 589 547 720 628; x_wconf 88' lang='lat' dir='ltr'>spiritu</span> <span class='ocrx_word' id='word_1_18' title='bbox 743 551 867 610; x_wconf 88' lang='lat' dir='ltr'>sancto</span> <span class='ocrx_word' id='word_1_19' title='bbox 889 547 1052 628; x_wconf 86' lang='lat' dir='ltr'>loquitur</span> <span class='ocrx_word' id='word_1_20' title='bbox 1077 547 1262 610; x_wconf 90' lang='lat' dir='ltr'>dominum</span> 
     </span>
     <span class='ocr_line' id='line_1_4' title="bbox 150 648 1262 729; baseline 0 -18"><span class='ocrx_word' id='word_1_21' title='bbox 150 649 277 712; x_wconf 90' lang='lat' dir='ltr'>Iesum.</span> <span class='ocrx_word' id='word_1_22' title='bbox 300 650 438 729; x_wconf 87' lang='lat' dir='ltr'>Deniqire</span> <span class='ocrx_word' id='word_1_23' title='bbox 460 650 492 712; x_wconf 92' lang='lat' dir='ltr'>iri</span> <span class='ocrx_word' id='word_1_24' title='bbox 515 649 645 728; x_wconf 85' lang='lat' dir='ltr'>antiquis</span> <span class='ocrx_word' id='word_1_25' title='bbox 668 648 815 711; x_wconf 89' lang='lat' dir='ltr'>librorum</span> <span class='ocrx_word' id='word_1_26' title='bbox 838 649 1045 712; x_wconf 82' lang='lat' dir='ltr'><strong>monumentis</strong></span> <span class='ocrx_word' id='word_1_27' title='bbox 1068 666 1138 713; x_wconf 93' lang='lat' dir='ltr'>cum</span> <span class='ocrx_word' id='word_1_28' title='bbox 1164 651 1262 712; x_wconf 87' lang='lat' dir='ltr'>testa·</span> 
     </span>
     <span class='ocr_line' id='line_1_5' title="bbox 150 747 1257 834; baseline 0 -20"><span class='ocrx_word' id='word_1_29' title='bbox 150 754 290 814; x_wconf 92' lang='lat' dir='ltr'>mentum</span> <span class='ocrx_word' id='word_1_30' title='bbox 319 751 537 814; x_wconf 89' lang='lat' dir='ltr'>scribturarum</span> <span class='ocrx_word' id='word_1_31' title='bbox 567 751 703 814; x_wconf 92' lang='lat' dir='ltr'>diabolus</span> <span class='ocrx_word' id='word_1_32' title='bbox 732 751 889 830; x_wconf 89' lang='lat' dir='ltr'>inuideret,</span> <span class='ocrx_word' id='word_1_33' title='bbox 919 750 1113 813; x_wconf 77' lang='lat' dir='ltr'>Hierusalem</span> <span class='ocrx_word' id='word_1_34' title='bbox 1139 747 1257 834; x_wconf 69' lang='lat' dir='ltr'>capta!</span> 
     </span>
     <span class='ocr_line' id='line_1_6' title="bbox 148 852 1289 934; baseline -0.004 -18"><span class='ocrx_word' id='word_1_35' title='bbox 148 853 264 934; x_wconf 88' lang='lat' dir='ltr'>polluto</span> <span class='ocrx_word' id='word_1_36' title='bbox 294 853 399 915; x_wconf 87' lang='lat' dir='ltr'>altario</span> <span class='ocrx_word' id='word_1_37' title='bbox 429 853 544 916; x_wconf 90' lang='lat' dir='ltr'>domini</span> <span class='ocrx_word' id='word_1_38' title='bbox 571 853 679 915; x_wconf 87' lang='lat' dir='ltr'>distrui</span> <span class='ocrx_word' id='word_1_39' title='bbox 707 853 857 933; x_wconf 87' lang='lat' dir='ltr'>templum</span> <span class='ocrx_word' id='word_1_40' title='bbox 887 852 960 915; x_wconf 87' lang='lat' dir='ltr'>satis</span> <span class='ocrx_word' id='word_1_41' title='bbox 991 869 1065 914; x_wconf 91' lang='lat' dir='ltr'>non·</span> <span class='ocrx_word' id='word_1_42' title='bbox 1082 853 1153 925; x_wconf 86' lang='lat' dir='ltr'>luit;</span> <span class='ocrx_word' id='word_1_43' title='bbox 1183 867 1289 915; x_wconf 74' lang='lat' dir='ltr'>nams</span> 
     </span>
     <span class='ocr_line' id='line_1_7' title="bbox 149 954 1258 1035; baseline 0 -18"><span class='ocrx_word' id='word_1_44' title='bbox 149 956 220 1034; x_wconf 88' lang='lat' dir='ltr'>quia</span> <span class='ocrx_word' id='word_1_45' title='bbox 242 955 329 1018; x_wconf 83' lang='lat' dir='ltr'>facile</span> <span class='ocrx_word' id='word_1_46' title='bbox 352 958 425 1033; x_wconf 89' lang='lat' dir='ltr'>erat,</span> <span class='ocrx_word' id='word_1_47' title='bbox 448 959 482 1017; x_wconf 84' lang='lat' dir='ltr'>ut</span> <span class='ocrx_word' id='word_1_48' title='bbox 504 972 581 1035; x_wconf 90' lang='lat' dir='ltr'>quae</span> <span class='ocrx_word' id='word_1_49' title='bbox 603 955 778 1018; x_wconf 87' lang='lat' dir='ltr'>manufacta</span> <span class='ocrx_word' id='word_1_50' title='bbox 800 957 886 1017; x_wconf 90' lang='lat' dir='ltr'>erant</span> <span class='ocrx_word' id='word_1_51' title='bbox 906 954 938 1017; x_wconf 93' lang='lat' dir='ltr'>in</span> <span class='ocrx_word' id='word_1_52' title='bbox 960 954 1143 1017; x_wconf 81' lang='lat' dir='ltr'>manufactis</span> <span class='ocrx_word' id='word_1_53' title='bbox 1164 954 1258 1017; x_wconf 93' lang='lat' dir='ltr'>homo</span> 
     </span>
     <span class='ocr_line' id='line_1_8' title="bbox 147 1056 1259 1137; baseline 0.001 -18"><span class='ocrx_word' id='word_1_54' title='bbox 147 1057 294 1136; x_wconf 84' lang='lat' dir='ltr'>redderet,</span> <span class='ocrx_word' id='word_1_55' title='bbox 318 1075 388 1119; x_wconf 89' lang='lat' dir='ltr'>arca</span> <span class='ocrx_word' id='word_1_56' title='bbox 408 1057 532 1119; x_wconf 87' lang='lat' dir='ltr'>incensa</span> <span class='ocrx_word' id='word_1_57' title='bbox 554 1060 601 1119; x_wconf 88' lang='lat' dir='ltr'>est</span> <span class='ocrx_word' id='word_1_58' title='bbox 622 1057 806 1136; x_wconf 71' lang='lat' dir='ltr'>testamenti,</span> <span class='ocrx_word' id='word_1_59' title='bbox 830 1057 943 1119; x_wconf 79' lang='lat' dir='ltr'>sciente</span> <span class='ocrx_word' id='word_1_60' title='bbox 966 1056 1086 1120; x_wconf 92' lang='lat' dir='ltr'>diabolo</span> <span class='ocrx_word' id='word_1_61' title='bbox 1109 1056 1188 1137; x_wconf 90' lang='lat' dir='ltr'>quod</span> <span class='ocrx_word' id='word_1_62' title='bbox 1210 1057 1259 1120; x_wconf 83' lang='lat' dir='ltr'>fa·</span> 
     </span>
     <span class='ocr_line' id='line_1_9' title="bbox 148 1157 1259 1240; baseline -0.001 -18"><span class='ocrx_word' id='word_1_63' title='bbox 148 1159 205 1222; x_wconf 89' lang='lat' dir='ltr'>cile</span> <span class='ocrx_word' id='word_1_64' title='bbox 234 1163 344 1222; x_wconf 88' lang='lat' dir='ltr'>natura</span> <span class='ocrx_word' id='word_1_65' title='bbox 372 1159 533 1223; x_wconf 89' lang='lat' dir='ltr'>hominum</span> <span class='ocrx_word' id='word_1_66' title='bbox 562 1159 696 1240; x_wconf 86' lang='lat' dir='ltr'>obligata</span> <span class='ocrx_word' id='word_1_67' title='bbox 724 1159 845 1222; x_wconf 88' lang='lat' dir='ltr'>saeculo</span> <span class='ocrx_word' id='word_1_68' title='bbox 874 1157 966 1221; x_wconf 90' lang='lat' dir='ltr'>fidem</span> <span class='ocrx_word' id='word_1_69' title='bbox 992 1159 1139 1239; x_wconf 85' lang='lat' dir='ltr'>perderet,</span> <span class='ocrx_word' id='word_1_70' title='bbox 1169 1158 1196 1221; x_wconf 90' lang='lat' dir='ltr'>si</span> <span class='ocrx_word' id='word_1_71' title='bbox 1219 1158 1259 1221; x_wconf 90' lang='lat' dir='ltr'>ad</span> 
     </span>
     <span class='ocr_line' id='line_1_10' title="bbox 147 1260 1258 1343; baseline -0.001 -19"><span class='ocrx_word' id='word_1_72' title='bbox 147 1261 402 1343; x_wconf 79' lang='lat' dir='ltr'>praedicationem</span> <span class='ocrx_word' id='word_1_73' title='bbox 425 1261 519 1324; x_wconf 92' lang='lat' dir='ltr'>diuini</span> <span class='ocrx_word' id='word_1_74' title='bbox 540 1261 671 1324; x_wconf 91' lang='lat' dir='ltr'>nominis</span> <span class='ocrx_word' id='word_1_75' title='bbox 694 1261 912 1324; x_wconf 86' lang='lat' dir='ltr'>scribturarum</span> <span class='ocrx_word' id='word_1_76' title='bbox 933 1261 1107 1324; x_wconf 89' lang='lat' dir='ltr'>testimonia</span> <span class='ocrx_word' id='word_1_77' title='bbox 1125 1278 1186 1324; x_wconf 93' lang='lat' dir='ltr'>non</span> <span class='ocrx_word' id='word_1_78' title='bbox 1201 1260 1258 1323; x_wconf 89' lang='lat' dir='ltr'>ha-</span> 
     </span>
     <span class='ocr_line' id='line_1_11' title="bbox 147 1361 1303 1445; baseline -0.002 -19"><span class='ocrx_word' id='word_1_79' title='bbox 147 1363 241 1426; x_wconf 90' lang='lat' dir='ltr'>beret.</span> <span class='ocrx_word' id='word_1_80' title='bbox 275 1361 334 1426; x_wconf 86' lang='lat' dir='ltr'>Sed</span> <span class='ocrx_word' id='word_1_81' title='bbox 350 1364 482 1445; x_wconf 86' lang='lat' dir='ltr'>argutior</span> <span class='ocrx_word' id='word_1_82' title='bbox 502 1363 595 1425; x_wconf 90' lang='lat' dir='ltr'>diuini</span> <span class='ocrx_word' id='word_1_83' title='bbox 618 1363 752 1443; x_wconf 84' lang='lat' dir='ltr'>mysterii</span> <span class='ocrx_word' id='word_1_84' title='bbox 773 1366 882 1425; x_wconf 90' lang='lat' dir='ltr'>natura</span> <span class='ocrx_word' id='word_1_85' title='bbox 904 1380 997 1443; x_wconf 87' lang='lat' dir='ltr'>quam</span> <span class='ocrx_word' id='word_1_86' title='bbox 1019 1362 1144 1442; x_wconf 82' lang='lat' dir='ltr'>diaboli,</span> <span class='ocrx_word' id='word_1_87' title='bbox 1167 1379 1257 1443; x_wconf 89' lang='lat' dir='ltr'>quae,</span> <span class='ocrx_word' id='word_1_88' title='bbox 1274 1378 1303 1416; x_wconf 84' lang='grc' dir='ltr'>ιο</span> 
     </span>
     <span class='ocr_line' id='line_1_12' title="bbox 146 1465 1258 1546; baseline 0.002 -20"><span class='ocrx_word' id='word_1_89' title='bbox 146 1468 181 1528; x_wconf 90' lang='lat' dir='ltr'>ut</span> <span class='ocrx_word' id='word_1_90' title='bbox 206 1465 278 1545; x_wconf 90' lang='lat' dir='ltr'>quid</span> <span class='ocrx_word' id='word_1_91' title='bbox 299 1465 374 1528; x_wconf 90' lang='lat' dir='ltr'>deus</span> <span class='ocrx_word' id='word_1_92' title='bbox 395 1465 427 1528; x_wconf 94' lang='lat' dir='ltr'>in</span> <span class='ocrx_word' id='word_1_93' title='bbox 453 1465 575 1528; x_wconf 92' lang='lat' dir='ltr'>homine</span> <span class='ocrx_word' id='word_1_94' title='bbox 601 1468 705 1546; x_wconf 88' lang='lat' dir='ltr'>posset</span> <span class='ocrx_word' id='word_1_95' title='bbox 728 1465 909 1544; x_wconf 85' lang='lat' dir='ltr'>ostenderet,</span> <span class='ocrx_word' id='word_1_96' title='bbox 936 1465 1085 1528; x_wconf 88' lang='lat' dir='ltr'>reseruari</span> <span class='ocrx_word' id='word_1_97' title='bbox 1103 1465 1258 1528; x_wconf 89' lang='lat' dir='ltr'>Hesdram</span> 
     </span>
     <span class='ocr_line' id='line_1_13' title="bbox 146 1565 1258 1648; baseline 0.001 -19"><span class='ocrx_word' id='word_1_98' title='bbox 146 1568 242 1630; x_wconf 91' lang='lat' dir='ltr'>uoluit</span> <span class='ocrx_word' id='word_1_99' title='bbox 268 1567 320 1648; x_wconf 90' lang='lat' dir='ltr'>qui</span> <span class='ocrx_word' id='word_1_100' title='bbox 349 1568 402 1630; x_wconf 91' lang='lat' dir='ltr'>illa</span> <span class='ocrx_word' id='word_1_101' title='bbox 428 1585 505 1646; x_wconf 89' lang='lat' dir='ltr'>quae</span> <span class='ocrx_word' id='word_1_102' title='bbox 533 1567 654 1630; x_wconf 81' lang='lat' dir='ltr'>fuerant</span> <span class='ocrx_word' id='word_1_103' title='bbox 682 1568 807 1629; x_wconf 92' lang='lat' dir='ltr'>incensa</span> <span class='ocrx_word' id='word_1_104' title='bbox 827 1566 989 1630; x_wconf 90' lang='lat' dir='ltr'>rescribsit.</span> <span class='ocrx_word' id='word_1_105' title='bbox 1028 1565 1111 1645; x_wconf 83' lang='lat' dir='ltr'>Quae</span> <span class='ocrx_word' id='word_1_106' title='bbox 1133 1568 1159 1630; x_wconf 89' lang='lat' dir='ltr'>si</span> <span class='ocrx_word' id='word_1_107' title='bbox 1185 1586 1258 1630; x_wconf 87' lang='lat' dir='ltr'>uere</span> 
     </span>
     <span class='ocr_line' id='line_1_14' title="bbox 146 1669 1259 1753; baseline 0.001 -22"><span class='ocrx_word' id='word_1_108' title='bbox 146 1671 269 1732; x_wconf 91' lang='lat' dir='ltr'>incensa</span> <span class='ocrx_word' id='word_1_109' title='bbox 298 1673 328 1732; x_wconf 89' lang='lat' dir='ltr'>et</span> <span class='ocrx_word' id='word_1_110' title='bbox 356 1688 427 1732; x_wconf 92' lang='lat' dir='ltr'>uere</span> <span class='ocrx_word' id='word_1_111' title='bbox 454 1669 604 1753; x_wconf 90' lang='lat' dir='ltr'>credimus</span> <span class='ocrx_word' id='word_1_112' title='bbox 627 1669 720 1732; x_wconf 87' lang='lat' dir='ltr'>tuisse</span> <span class='ocrx_word' id='word_1_113' title='bbox 741 1669 897 1748; x_wconf 90' lang='lat' dir='ltr'>rescribta,</span> <span class='ocrx_word' id='word_1_114' title='bbox 927 1669 1067 1750; x_wconf 89' lang='lat' dir='ltr'>quamuis</span> <span class='ocrx_word' id='word_1_115' title='bbox 1096 1669 1259 1733; x_wconf 91' lang='lat' dir='ltr'>incensum</span> 
     </span>
    </p>

    <p class='ocr_par' dir='ltr' id='par_1_3' title="bbox 85 1767 1297 2260">
     <span class='ocr_line' id='line_1_15' title="bbox 85 1767 1259 1853; baseline 0.003 -22"><span class='ocrx_word' id='word_1_116' title='bbox 85 1779 124 1832; x_wconf 82' lang='grc'>68</span> <span class='ocrx_word' id='word_1_117' title='bbox 147 1767 373 1853; x_wconf 66' lang='lat' dir='ltr'>testamentum</span> <span class='ocrx_word' id='word_1_118' title='bbox 389 1771 509 1852; x_wconf 86' lang='lat' dir='ltr'>legatur</span> <span class='ocrx_word' id='word_1_119' title='bbox 523 1772 555 1833; x_wconf 94' lang='lat' dir='ltr'>in</span> <span class='ocrx_word' id='word_1_120' title='bbox 570 1789 694 1848; x_wconf 89' lang='lat' dir='ltr'>canone,</span> <span class='ocrx_word' id='word_1_121' title='bbox 709 1772 891 1852; x_wconf 85' lang='lat' dir='ltr'>rescriptum</span> <span class='ocrx_word' id='word_1_122' title='bbox 906 1771 944 1834; x_wconf 88' lang='lat' dir='ltr'>ab</span> <span class='ocrx_word' id='word_1_123' title='bbox 960 1771 1080 1835; x_wconf 90' lang='lat' dir='ltr'>Hesdra</span> <span class='ocrx_word' id='word_1_124' title='bbox 1093 1772 1124 1834; x_wconf 94' lang='lat' dir='ltr'>in</span> <span class='ocrx_word' id='word_1_125' title='bbox 1140 1789 1259 1846; x_wconf 83' lang='lat' dir='ltr'>canone</span> 
     </span>
     <span class='ocr_line' id='line_1_16' title="bbox 146 1873 1297 1954; baseline 0.003 -21"><span class='ocrx_word' id='word_1_126' title='bbox 146 1890 206 1935; x_wconf 93' lang='lat' dir='ltr'>non</span> <span class='ocrx_word' id='word_1_127' title='bbox 228 1873 349 1954; x_wconf 87' lang='lat' dir='ltr'>legitur,</span> <span class='ocrx_word' id='word_1_128' title='bbox 372 1875 485 1951; x_wconf 86' lang='lat' dir='ltr'>tamen,</span> <span class='ocrx_word' id='word_1_129' title='bbox 507 1873 579 1952; x_wconf 87' lang='lat' dir='ltr'>quia</span> <span class='ocrx_word' id='word_1_130' title='bbox 596 1877 666 1954; x_wconf 87' lang='lat' dir='ltr'>post</span> <span class='ocrx_word' id='word_1_131' title='bbox 680 1874 839 1936; x_wconf 90' lang='lat' dir='ltr'>incensum</span> <span class='ocrx_word' id='word_1_132' title='bbox 856 1877 1073 1937; x_wconf 89' lang='lat' dir='ltr'>testamentum</span> <span class='ocrx_word' id='word_1_133' title='bbox 1088 1873 1174 1936; x_wconf 81' lang='lat' dir='ltr'>reddi</span> <span class='ocrx_word' id='word_1_134' title='bbox 1194 1892 1257 1937; x_wconf 92' lang='lat' dir='ltr'>non</span> <span class='ocrx_word' id='word_1_135' title='bbox 1272 1887 1297 1928; x_wconf 81' lang='lat'>¹⁵</span> 
     </span>
     <span class='ocr_line' id='line_1_17' title="bbox 145 1974 1257 2057; baseline 0.003 -20"><span class='ocrx_word' id='word_1_136' title='bbox 145 1975 244 2056; x_wconf 90' lang='lat' dir='ltr'>potuit</span> <span class='ocrx_word' id='word_1_137' title='bbox 266 1975 324 2037; x_wconf 89' lang='lat' dir='ltr'>nisi</span> <span class='ocrx_word' id='word_1_138' title='bbox 351 1975 459 2037; x_wconf 85' lang='lat' dir='ltr'>luisset</span> <span class='ocrx_word' id='word_1_139' title='bbox 481 1974 638 2054; x_wconf 84' lang='lat' dir='ltr'>scribtum,</span> <span class='ocrx_word' id='word_1_140' title='bbox 660 1975 741 2038; x_wconf 86' lang='lat' dir='ltr'>recte</span> <span class='ocrx_word' id='word_1_141' title='bbox 762 1975 807 2038; x_wconf 92' lang='lat' dir='ltr'>illi</span> <span class='ocrx_word' id='word_1_142' title='bbox 828 1975 905 2039; x_wconf 92' lang='lat' dir='ltr'>libro</span> <span class='ocrx_word' id='word_1_143' title='bbox 934 1974 1026 2038; x_wconf 90' lang='lat' dir='ltr'>fidem</span> <span class='ocrx_word' id='word_1_144' title='bbox 1056 1976 1174 2055; x_wconf 84' lang='lat' dir='ltr'>damus,</span> <span class='ocrx_word' id='word_1_145' title='bbox 1204 1977 1257 2057; x_wconf 90' lang='lat' dir='ltr'>qui</span> 
     </span>
     <span class='ocr_line' id='line_1_18' title="bbox 145 2077 1257 2161; baseline 0.003 -22"><span class='ocrx_word' id='word_1_146' title='bbox 145 2077 266 2140; x_wconf 89' lang='lat' dir='ltr'>Hesdra</span> <span class='ocrx_word' id='word_1_147' title='bbox 284 2079 406 2140; x_wconf 88' lang='lat' dir='ltr'>auctore</span> <span class='ocrx_word' id='word_1_148' title='bbox 420 2077 566 2157; x_wconf 85' lang='lat' dir='ltr'>prolatus,</span> <span class='ocrx_word' id='word_1_149' title='bbox 590 2078 646 2140; x_wconf 91' lang='lat' dir='ltr'>etsi</span> <span class='ocrx_word' id='word_1_150' title='bbox 660 2077 692 2140; x_wconf 90' lang='lat' dir='ltr'>in</span> <span class='ocrx_word' id='word_1_151' title='bbox 707 2095 823 2140; x_wconf 90' lang='lat' dir='ltr'>canone</span> <span class='ocrx_word' id='word_1_152' title='bbox 837 2095 899 2140; x_wconf 91' lang='lat' dir='ltr'>non</span> <span class='ocrx_word' id='word_1_153' title='bbox 913 2077 1045 2159; x_wconf 88' lang='lat' dir='ltr'>ponitur,</span> <span class='ocrx_word' id='word_1_154' title='bbox 1069 2078 1107 2141; x_wconf 95' lang='lat' dir='ltr'>ad</span> <span class='ocrx_word' id='word_1_155' title='bbox 1122 2079 1257 2161; x_wconf 86' lang='lat' dir='ltr'>elogium</span> 
     </span>
     <span class='ocr_line' id='line_1_19' title="bbox 144 2177 1256 2260; baseline 0.002 -18"><span class='ocrx_word' id='word_1_156' title='bbox 144 2177 253 2242; x_wconf 90' lang='lat' dir='ltr'>redditi</span> <span class='ocrx_word' id='word_1_157' title='bbox 275 2178 369 2242; x_wconf 93' lang='lat' dir='ltr'>diuini</span> <span class='ocrx_word' id='word_1_158' title='bbox 390 2179 565 2242; x_wconf 86' lang='lat' dir='ltr'>testamenti</span> <span class='ocrx_word' id='word_1_159' title='bbox 587 2179 679 2260; x_wconf 86' lang='lat' dir='ltr'>digna</span> <span class='ocrx_word' id='word_1_160' title='bbox 700 2198 802 2243; x_wconf 88' lang='lat' dir='ltr'>rerum</span> <span class='ocrx_word' id='word_1_161' title='bbox 825 2181 1018 2243; x_wconf 86' lang='lat' dir='ltr'>ueneratione</span> <span class='ocrx_word' id='word_1_162' title='bbox 1039 2181 1201 2254; x_wconf 85' lang='lat' dir='ltr'>r·etinetur·;</span> <span class='ocrx_word' id='word_1_163' title='bbox 1222 2182 1256 2244; x_wconf 92' lang='lat' dir='ltr'>in</span> 
     </span>
    </p>

    <p class='ocr_par' dir='ltr' id='par_1_4' title="bbox 69 2281 1292 2976">
     <span class='ocr_line' id='line_1_20' title="bbox 69 2281 1255 2363; baseline 0.006 -24"><span class='ocrx_word' id='word_1_164' title='bbox 69 2334 71 2339; x_wconf 81' lang='grc'>,</span> <span class='ocrx_word' id='word_1_165' title='bbox 145 2299 204 2360; x_wconf 91' lang='lat' dir='ltr'>quo</span> <span class='ocrx_word' id='word_1_166' title='bbox 226 2285 330 2344; x_wconf 90' lang='lat' dir='ltr'>tamen</span> <span class='ocrx_word' id='word_1_167' title='bbox 351 2281 482 2363; x_wconf 84' lang='lat' dir='ltr'>legimus</span> <span class='ocrx_word' id='word_1_168' title='bbox 505 2281 651 2362; x_wconf 87' lang='lat' dir='ltr'>scriptum</span> <span class='ocrx_word' id='word_1_169' title='bbox 673 2282 813 2362; x_wconf 88' lang='lat' dir='ltr'>spiritum</span> <span class='ocrx_word' id='word_1_170' title='bbox 828 2285 968 2344; x_wconf 89' lang='lat' dir='ltr'>sanctum</span> <span class='ocrx_word' id='word_1_171' title='bbox 984 2282 1022 2345; x_wconf 90' lang='lat' dir='ltr'>ab</span> <span class='ocrx_word' id='word_1_172' title='bbox 1041 2283 1125 2345; x_wconf 92' lang='lat' dir='ltr'>initio</span> <span class='ocrx_word' id='word_1_173' title='bbox 1141 2284 1255 2346; x_wconf 88' lang='lat' dir='ltr'>saeculi</span> 
     </span>
     <span class='ocr_line' id='line_1_21' title="bbox 145 2384 1292 2466; baseline 0.002 -20"><span class='ocrx_word' id='word_1_174' title='bbox 145 2387 175 2447; x_wconf 89' lang='lat' dir='ltr'>et</span> <span class='ocrx_word' id='word_1_175' title='bbox 195 2384 354 2447; x_wconf 93' lang='lat' dir='ltr'>hominum</span> <span class='ocrx_word' id='word_1_176' title='bbox 376 2387 407 2447; x_wconf 91' lang='lat' dir='ltr'>et</span> <span class='ocrx_word' id='word_1_177' title='bbox 428 2402 532 2447; x_wconf 89' lang='lat' dir='ltr'>rerum</span> <span class='ocrx_word' id='word_1_178' title='bbox 553 2388 642 2466; x_wconf 85' lang='lat' dir='ltr'>gesta</span> <span class='ocrx_word' id='word_1_179' title='bbox 661 2384 843 2446; x_wconf 88' lang='lat' dir='ltr'>retinentem</span> <span class='ocrx_word' id='word_1_180' title='bbox 865 2401 916 2448; x_wconf 91' lang='lat' dir='ltr'>cor</span> <span class='ocrx_word' id='word_1_181' title='bbox 938 2384 1024 2447; x_wconf 92' lang='lat' dir='ltr'>electi</span> <span class='ocrx_word' id='word_1_182' title='bbox 1052 2385 1185 2448; x_wconf 89' lang='lat' dir='ltr'>hominis</span> <span class='ocrx_word' id='word_1_183' title='bbox 1207 2387 1292 2448; x_wconf 71' lang='lat' dir='ltr'>in-20</span> 
     </span>
     <span class='ocr_line' id='line_1_22' title="bbox 143 2486 1255 2565; baseline 0.003 -17"><span class='ocrx_word' id='word_1_184' title='bbox 143 2489 241 2549; x_wconf 89' lang='lat' dir='ltr'>trasse</span> <span class='ocrx_word' id='word_1_185' title='bbox 264 2489 303 2565; x_wconf 89' lang='lat' dir='ltr'>et,</span> <span class='ocrx_word' id='word_1_186' title='bbox 326 2486 412 2565; x_wconf 93' lang='lat' dir='ltr'>quod</span> <span class='ocrx_word' id='word_1_187' title='bbox 427 2487 477 2549; x_wconf 85' lang='lat' dir='ltr'>uix</span> <span class='ocrx_word' id='word_1_188' title='bbox 499 2486 537 2548; x_wconf 89' lang='lat' dir='ltr'>ad</span> <span class='ocrx_word' id='word_1_189' title='bbox 558 2486 726 2548; x_wconf 91' lang='lat' dir='ltr'>humanam</span> <span class='ocrx_word' id='word_1_190' title='bbox 748 2487 927 2549; x_wconf 87' lang='lat' dir='ltr'>memoriam</span> <span class='ocrx_word' id='word_1_191' title='bbox 949 2487 1053 2550; x_wconf 91' lang='lat' dir='ltr'>scribti</span> <span class='ocrx_word' id='word_1_192' title='bbox 1068 2488 1167 2550; x_wconf 88' lang='lat' dir='ltr'>forma</span> <span class='ocrx_word' id='word_1_193' title='bbox 1181 2489 1255 2552; x_wconf 91' lang='lat' dir='ltr'>reti-</span> 
     </span>
     <span class='ocr_line' id='line_1_23' title="bbox 144 2586 1253 2670; baseline 0.003 -21"><span class='ocrx_word' id='word_1_194' title='bbox 144 2590 238 2666; x_wconf 90' lang='lat' dir='ltr'>neret,</span> <span class='ocrx_word' id='word_1_195' title='bbox 254 2588 357 2651; x_wconf 90' lang='lat' dir='ltr'>ordine</span> <span class='ocrx_word' id='word_1_196' title='bbox 372 2605 498 2651; x_wconf 92' lang='lat' dir='ltr'>numero</span> <span class='ocrx_word' id='word_1_197' title='bbox 513 2588 629 2651; x_wconf 88' lang='lat' dir='ltr'>ratione</span> <span class='ocrx_word' id='word_1_198' title='bbox 644 2587 780 2668; x_wconf 85' lang='lat' dir='ltr'>repetita,</span> <span class='ocrx_word' id='word_1_199' title='bbox 797 2605 867 2650; x_wconf 91' lang='lat' dir='ltr'>cum</span> <span class='ocrx_word' id='word_1_200' title='bbox 881 2607 944 2669; x_wconf 89' lang='lat' dir='ltr'>per</span> <span class='ocrx_word' id='word_1_201' title='bbox 963 2586 968 2670; x_wconf 84' lang='lat'>1</span> <span class='ocrx_word' id='word_1_202' title='bbox 987 2588 1080 2650; x_wconf 92' lang='lat' dir='ltr'>diem</span> <span class='ocrx_word' id='word_1_203' title='bbox 1098 2589 1253 2670; x_wconf 81' lang='lat' dir='ltr'>loquens</span> 
     </span>
     <span class='ocr_line' id='line_1_24' title="bbox 144 2689 1253 2772; baseline 0.003 -20"><span class='ocrx_word' id='word_1_204' title='bbox 144 2693 179 2752; x_wconf 91' lang='lat' dir='ltr'>et</span> <span class='ocrx_word' id='word_1_205' title='bbox 200 2693 304 2753; x_wconf 91' lang='lat' dir='ltr'>nocte</span> <span class='ocrx_word' id='word_1_206' title='bbox 323 2708 393 2753; x_wconf 92' lang='lat' dir='ltr'>non</span> <span class='ocrx_word' id='word_1_207' title='bbox 408 2692 534 2752; x_wconf 89' lang='lat' dir='ltr'>tacens</span> <span class='ocrx_word' id='word_1_208' title='bbox 550 2689 703 2768; x_wconf 83' lang='lat' dir='ltr'>scriberet,</span> <span class='ocrx_word' id='word_1_209' title='bbox 719 2689 820 2752; x_wconf 88' lang='lat' dir='ltr'>omnia</span> <span class='ocrx_word' id='word_1_210' title='bbox 834 2706 912 2770; x_wconf 89' lang='lat' dir='ltr'>quae</span> <span class='ocrx_word' id='word_1_211' title='bbox 927 2693 1015 2772; x_wconf 86' lang='lat' dir='ltr'>gesta</span> <span class='ocrx_word' id='word_1_212' title='bbox 1030 2689 1170 2753; x_wconf 93' lang='lat' dir='ltr'>uidentur</span> <span class='ocrx_word' id='word_1_213' title='bbox 1186 2710 1253 2758; x_wconf 88' lang='lat' dir='ltr'>esse</span> 
     </span>
     <span class='ocr_line' id='line_1_25' title="bbox 143 2791 1252 2874; baseline 0.003 -20"><span class='ocrx_word' id='word_1_214' title='bbox 143 2792 344 2873; x_wconf 82' lang='lat' dir='ltr'>collegimus</span> <span class='ocrx_word' id='word_1_215' title='bbox 365 2793 478 2855; x_wconf 90' lang='lat' dir='ltr'>scribta</span> <span class='ocrx_word' id='word_1_216' title='bbox 499 2792 538 2854; x_wconf 94' lang='lat' dir='ltr'>ad</span> <span class='ocrx_word' id='word_1_217' title='bbox 559 2792 725 2855; x_wconf 88' lang='lat' dir='ltr'>humanam</span> <span class='ocrx_word' id='word_1_218' title='bbox 746 2793 923 2855; x_wconf 87' lang='lat' dir='ltr'>memoriam</span> <span class='ocrx_word' id='word_1_219' title='bbox 939 2791 1116 2854; x_wconf 86' lang='lat' dir='ltr'>condidisse.</span> <span class='ocrx_word' id='word_1_220' title='bbox 1140 2792 1178 2855; x_wconf 94' lang='lat' dir='ltr'>In</span> <span class='ocrx_word' id='word_1_221' title='bbox 1193 2811 1252 2874; x_wconf 88' lang='lat' dir='ltr'>quo</span> 
     </span>
     <span class='ocr_line' id='line_1_26' title="bbox 142 2893 1288 2976; baseline -0.003 -19"><span class='ocrx_word' id='word_1_222' title='bbox 142 2894 218 2957; x_wconf 91' lang='lat' dir='ltr'>libet</span> <span class='ocrx_word' id='word_1_223' title='bbox 232 2894 414 2958; x_wconf 81' lang='lat' dir='ltr'>exclamare:</span> <span class='ocrx_word' id='word_1_224' title='bbox 431 2895 491 2957; x_wconf 86' lang='lat' dir='ltr'>est!</span> <span class='ocrx_word' id='word_1_225' title='bbox 506 2894 610 2957; x_wconf 85' lang='lat' dir='ltr'>licoat!</span> <span class='ocrx_word' id='word_1_226' title='bbox 626 2894 763 2973; x_wconf 84' lang='lat' dir='ltr'>qualiter,</span> <span class='ocrx_word' id='word_1_227' title='bbox 787 2911 869 2975; x_wconf 84' lang='lat' dir='ltr'>rogo,</span> <span class='ocrx_word' id='word_1_228' title='bbox 884 2911 982 2975; x_wconf 87' lang='lat' dir='ltr'>perrea</span> <span class='ocrx_word' id='word_1_229' title='bbox 996 2912 1032 2956; x_wconf 84' lang='lat' dir='ltr'>ex</span> <span class='ocrx_word' id='word_1_230' title='bbox 1046 2893 1094 2956; x_wconf 89' lang='lat' dir='ltr'>his</span> <span class='ocrx_word' id='word_1_231' title='bbox 1113 2894 1251 2976; x_wconf 87' lang='lat' dir='ltr'>legentes</span> <span class='ocrx_word' id='word_1_232' title='bbox 1262 2913 1288 2954; x_wconf 80' lang='lat' dir='ltr'>re</span> 
     </span>
    </p>
   </div>
   <div class='ocr_carea' id='block_1_3' title="bbox 141 3025 1249 3261">
    <p class='ocr_par' dir='ltr' id='par_1_5' title="bbox 141 3025 1249 3261">
     <span class='ocr_line' id='line_1_27' title="bbox 244 3025 1198 3094; baseline 0 -10"><span class='ocrx_word' id='word_1_233' title='bbox 244 3031 257 3084; x_wconf 99' lang='lat'>1</span> <span class='ocrx_word' id='word_1_234' title='bbox 280 3027 302 3080; x_wconf 93' lang='grc' dir='ltr'>Ι.</span> <span class='ocrx_word' id='word_1_235' title='bbox 319 3025 377 3081; x_wconf 81' lang='lat' dir='ltr'>Cor.</span> <span class='ocrx_word' id='word_1_236' title='bbox 395 3030 434 3089; x_wconf 99' lang='grc'>12,</span> <span class='ocrx_word' id='word_1_237' title='bbox 451 3030 474 3082; x_wconf 88' lang='grc'>3.</span> <span class='ocrx_word' id='word_1_238' title='bbox 562 3030 593 3082; x_wconf 88' lang='grc'>13</span> <span class='ocrx_word' id='word_1_239' title='bbox 615 3042 651 3094; x_wconf 87' lang='lat' dir='ltr'>sq.</span> <span class='ocrx_word' id='word_1_240' title='bbox 675 3025 708 3080; x_wconf 83' lang='lat' dir='ltr'>ci.</span> <span class='ocrx_word' id='word_1_241' title='bbox 727 3026 771 3079; x_wconf 89' lang='lat' dir='ltr'>IV.</span> <span class='ocrx_word' id='word_1_242' title='bbox 788 3026 850 3094; x_wconf 84' lang='lat' dir='ltr'>Reg.</span> <span class='ocrx_word' id='word_1_243' title='bbox 869 3028 909 3088; x_wconf 87' lang='grc'>25,</span> <span class='ocrx_word' id='word_1_244' title='bbox 926 3029 954 3089; x_wconf 82' lang='grc'>9;</span> <span class='ocrx_word' id='word_1_245' title='bbox 972 3026 1017 3080; x_wconf 87' lang='lat' dir='ltr'>IV.</span> <span class='ocrx_word' id='word_1_246' title='bbox 1034 3025 1095 3080; x_wconf 84' lang='lat' dir='ltr'>Esd.</span> <span class='ocrx_word' id='word_1_247' title='bbox 1114 3030 1153 3088; x_wconf 85' lang='grc'>14,</span> <span class='ocrx_word' id='word_1_248' title='bbox 1167 3032 1198 3085; x_wconf 90' lang='grc'>21</span> 
     </span>
     <span class='ocr_line' id='line_1_28' title="bbox 142 3112 1249 3183; baseline 0.005 -19"><span class='ocrx_word' id='word_1_249' title='bbox 142 3112 175 3164; x_wconf 85' lang='lat' dir='ltr'>ad</span> <span class='ocrx_word' id='word_1_250' title='bbox 187 3129 212 3165; x_wconf 89' lang='lat' dir='ltr'>u.</span> <span class='ocrx_word' id='word_1_251' title='bbox 226 3115 325 3168; x_wconf 86' lang='grc'>14-24</span> <span class='ocrx_word' id='word_1_252' title='bbox 337 3112 389 3165; x_wconf 92' lang='lat' dir='ltr'>uid.</span> <span class='ocrx_word' id='word_1_253' title='bbox 404 3112 448 3166; x_wconf 88' lang='lat' dir='ltr'>IV.</span> <span class='ocrx_word' id='word_1_254' title='bbox 460 3112 520 3165; x_wconf 76' lang='lat' dir='ltr'>lisd.</span> <span class='ocrx_word' id='word_1_255' title='bbox 533 3114 591 3178; x_wconf 75' lang='lat' dir='ltr'>(lio.</span> <span class='ocrx_word' id='word_1_256' title='bbox 603 3114 758 3181; x_wconf 68' lang='lat' dir='ltr'>apocryph.)</span> <span class='ocrx_word' id='word_1_257' title='bbox 775 3128 796 3165; x_wconf 89' lang='lat' dir='ltr'>c.</span> <span class='ocrx_word' id='word_1_258' title='bbox 810 3114 842 3168; x_wconf 79' lang='grc'>14</span> <span class='ocrx_word' id='word_1_259' title='bbox 859 3112 988 3180; x_wconf 88' lang='lat' dir='ltr'>(inprimis</span> <span class='ocrx_word' id='word_1_260' title='bbox 1001 3129 1025 3165; x_wconf 93' lang='lat' dir='ltr'>u.</span> <span class='ocrx_word' id='word_1_261' title='bbox 1038 3114 1078 3167; x_wconf 92' lang='grc'>22.</span> <span class='ocrx_word' id='word_1_262' title='bbox 1092 3115 1132 3168; x_wconf 86' lang='grc'>25.</span> <span class='ocrx_word' id='word_1_263' title='bbox 1145 3117 1186 3168; x_wconf 75' lang='lat' dir='ltr'>lo.</span> <span class='ocrx_word' id='word_1_264' title='bbox 1198 3115 1249 3183; x_wconf 86' lang='grc'>43.)</span> 
     </span>
     <span class='ocr_line' id='line_1_29' title="bbox 141 3197 616 3261; baseline -0.004 -10"><span class='ocrx_word' id='word_1_265' title='bbox 141 3200 174 3252; x_wconf 88' lang='grc'>22</span> <span class='ocrx_word' id='word_1_266' title='bbox 192 3197 224 3250; x_wconf 84' lang='lat' dir='ltr'>cf.</span> <span class='ocrx_word' id='word_1_267' title='bbox 237 3197 282 3252; x_wconf 85' lang='lat' dir='ltr'>IV.</span> <span class='ocrx_word' id='word_1_268' title='bbox 294 3197 355 3250; x_wconf 74' lang='lat' dir='ltr'>ssd.</span> <span class='ocrx_word' id='word_1_269' title='bbox 369 3201 408 3261; x_wconf 85' lang='grc'>14,</span> <span class='ocrx_word' id='word_1_270' title='bbox 421 3200 465 3260; x_wconf 83' lang='grc'>43;</span> <span class='ocrx_word' id='word_1_271' title='bbox 482 3198 525 3250; x_wconf 86' lang='lat' dir='ltr'>Ps.</span> <span class='ocrx_word' id='word_1_272' title='bbox 538 3201 579 3259; x_wconf 90' lang='grc'>21,</span> <span class='ocrx_word' id='word_1_273' title='bbox 592 3199 616 3251; x_wconf 88' lang='grc'>3.</span> 
     </span>
    </p>
   </div>
   <div class='ocr_carea' id='block_1_4' title="bbox 141 3316 1246 3468">
    <p class='ocr_par' dir='ltr' id='par_1_6' title="bbox 141 3316 1246 3468">
     <span class='ocr_line' id='line_1_30' title="bbox 243 3316 1246 3392; baseline 0 -20"><span class='ocrx_word' id='word_1_274' title='bbox 243 3319 272 3372; x_wconf 95' lang='grc'>11</span> <span class='ocrx_word' id='word_1_275' title='bbox 292 3316 325 3370; x_wconf 84' lang='lat' dir='ltr'>cf.</span> <span class='ocrx_word' id='word_1_276' title='bbox 341 3317 410 3370; x_wconf 89' lang='lat' dir='ltr'>inter</span> <span class='ocrx_word' id='word_1_277' title='bbox 432 3316 495 3369; x_wconf 86' lang='lat' dir='ltr'>alios</span> <span class='ocrx_word' id='word_1_278' title='bbox 518 3318 632 3383; x_wconf 80' lang='lat' dir='ltr'>Tertult,</span> <span class='ocrx_word' id='word_1_279' title='bbox 655 3317 686 3370; x_wconf 85' lang='lat' dir='ltr'>dc</span> <span class='ocrx_word' id='word_1_280' title='bbox 708 3318 780 3370; x_wconf 82' lang='lat' dir='ltr'>cuttu</span> <span class='ocrx_word' id='word_1_281' title='bbox 800 3319 860 3384; x_wconf 78' lang='lat' dir='ltr'>seor.</span> <span class='ocrx_word' id='word_1_282' title='bbox 878 3316 902 3384; x_wconf 88' lang='lat'>1,</span> <span class='ocrx_word' id='word_1_283' title='bbox 919 3333 939 3371; x_wconf 88' lang='lat' dir='ltr'>c.</span> <span class='ocrx_word' id='word_1_284' title='bbox 956 3321 974 3370; x_wconf 91' lang='lat'><em>3</em></span> <span class='ocrx_word' id='word_1_285' title='bbox 995 3316 1118 3392; x_wconf 73' lang='lat' dir='ltr'>(=1,p.</span> <span class='ocrx_word' id='word_1_286' title='bbox 1136 3321 1187 3374; x_wconf 80' lang='lat'>705</span> <span class='ocrx_word' id='word_1_287' title='bbox 1208 3319 1246 3372; x_wconf 87' lang='lat' dir='ltr'>ed.</span> 
     </span>
     <span class='ocr_line' id='line_1_31' title="bbox 141 3399 1246 3468; baseline 0.005 -15"><span class='ocrx_word' id='word_1_288' title='bbox 141 3399 255 3467; x_wconf 82' lang='lat' dir='ltr'>Oehler):</span> <span class='ocrx_word' id='word_1_289' title='bbox 273 3417 348 3454; x_wconf 90' lang='lat' dir='ltr'>omne</span> <span class='ocrx_word' id='word_1_290' title='bbox 366 3402 568 3454; x_wconf 87' lang='lat' dir='ltr'>instrumentum</span> <span class='ocrx_word' id='word_1_291' title='bbox 580 3400 700 3453; x_wconf 85' lang='lat' dir='ltr'>Iudaicae</span> <span class='ocrx_word' id='word_1_292' title='bbox 717 3401 878 3453; x_wconf 86' lang='lat' dir='ltr'>litteraturae</span> <span class='ocrx_word' id='word_1_293' title='bbox 898 3417 944 3468; x_wconf 87' lang='lat' dir='ltr'>per</span> <span class='ocrx_word' id='word_1_294' title='bbox 961 3400 1072 3454; x_wconf 85' lang='lat' dir='ltr'>Esdram</span> <span class='ocrx_word' id='word_1_295' title='bbox 1089 3406 1192 3457; x_wconf 88' lang='lat' dir='ltr'>constat</span> <span class='ocrx_word' id='word_1_296' title='bbox 1209 3421 1246 3457; x_wconf 90' lang='lat' dir='ltr'>rc·</span> 
     </span>
    </p>
   </div>
   <div class='ocr_carea' id='block_1_5' title="bbox 140 3487 1246 3725">
    <p class='ocr_par' dir='ltr' id='par_1_7' title="bbox 140 3487 1246 3725">
     <span class='ocr_line' id='line_1_32' title="bbox 140 3487 1246 3556; baseline 0.005 -19"><span class='ocrx_word' id='word_1_297' title='bbox 140 3488 297 3548; x_wconf 81' lang='lat' dir='ltr'>stauratum3</span> <span class='ocrx_word' id='word_1_298' title='bbox 315 3488 479 3554; x_wconf 71' lang='lat' dir='ltr'>Hieronymo,</span> <span class='ocrx_word' id='word_1_299' title='bbox 498 3487 529 3539; x_wconf 88' lang='lat' dir='ltr'>de</span> <span class='ocrx_word' id='word_1_300' title='bbox 543 3503 617 3554; x_wconf 77' lang='lat' dir='ltr'>perp.</span> <span class='ocrx_word' id='word_1_301' title='bbox 635 3487 703 3556; x_wconf 72' lang='lat' dir='ltr'>airy.</span> <span class='ocrx_word' id='word_1_302' title='bbox 723 3489 746 3541; x_wconf 84' lang='lat' dir='ltr'>b.</span> <span class='ocrx_word' id='word_1_303' title='bbox 765 3487 803 3540; x_wconf 88' lang='lat' dir='ltr'>M.</span> <span class='ocrx_word' id='word_1_304' title='bbox 822 3504 842 3540; x_wconf 86' lang='lat' dir='ltr'>c.</span> <span class='ocrx_word' id='word_1_305' title='bbox 861 3491 886 3554; x_wconf 82' lang='lat'>7,</span> <span class='ocrx_word' id='word_1_306' title='bbox 903 3491 930 3548; x_wconf 79' lang='lat' dir='ltr'>ot</span> <span class='ocrx_word' id='word_1_307' title='bbox 947 3492 1040 3541; x_wconf 76' lang='lat' dir='ltr'>eontra</span> <span class='ocrx_word' id='word_1_308' title='bbox 1056 3487 1246 3556; x_wconf 63' lang='lat' dir='ltr'>ilicitanus?</span> 
     </span>
     <span class='ocr_line' id='line_1_33' title="bbox 140 3569 1245 3640; baseline 0.006 -18"><span class='ocrx_word' id='word_1_309' title='bbox 140 3570 238 3637; x_wconf 82' lang='lat' dir='ltr'>(iligna</span> <span class='ocrx_word' id='word_1_310' title='bbox 250 3573 290 3632; x_wconf 91' lang='grc'>23,</span> <span class='ocrx_word' id='word_1_311' title='bbox 309 3570 356 3624; x_wconf 92' lang='lat' dir='ltr'>col.</span> <span class='ocrx_word' id='word_1_312' title='bbox 370 3573 419 3626; x_wconf 88' lang='lat'>190</span> <span class='ocrx_word' id='word_1_313' title='bbox 436 3573 463 3623; x_wconf 92' lang='lat' dir='ltr'>et</span> <span class='ocrx_word' id='word_1_314' title='bbox 480 3570 526 3623; x_wconf 88' lang='lat' dir='ltr'>col.</span> <span class='ocrx_word' id='word_1_315' title='bbox 539 3573 612 3638; x_wconf 49' lang='lat'>344„</span> <span class='ocrx_word' id='word_1_316' title='bbox 630 3572 704 3637; x_wconf 81' lang='lat' dir='ltr'>leid,</span> <span class='ocrx_word' id='word_1_317' title='bbox 717 3573 782 3639; x_wconf 66' lang='lat' dir='ltr'>orio.</span> <span class='ocrx_word' id='word_1_318' title='bbox 800 3573 829 3638; x_wconf 92' lang='lat' dir='ltr'>V,</span> <span class='ocrx_word' id='word_1_319' title='bbox 841 3575 883 3638; x_wconf 87' lang='lat'>39,</span> <span class='ocrx_word' id='word_1_320' title='bbox 893 3575 941 3636; x_wconf 80' lang='lat'>20,-</span> <span class='ocrx_word' id='word_1_321' title='bbox 963 3572 1009 3638; x_wconf 89' lang='lat' dir='ltr'>VI,</span> <span class='ocrx_word' id='word_1_322' title='bbox 1021 3575 1045 3640; x_wconf 82' lang='lat'>3,</span> <span class='ocrx_word' id='word_1_323' title='bbox 1057 3575 1081 3626; x_wconf 81' lang='lat'>2.</span> <span class='ocrx_word' id='word_1_324' title='bbox 1134 3569 1245 3629; x_wconf 63' lang='grc'>251101-</span> 
     </span>
     <span class='ocr_line' id='line_1_34' title="bbox 141 3655 1102 3725; baseline 0.001 -15"><span class='ocrx_word' id='word_1_325' title='bbox 141 3658 218 3723; x_wconf 80' lang='lat' dir='ltr'>ttius,</span> <span class='ocrx_word' id='word_1_326' title='bbox 236 3657 268 3710; x_wconf 85' lang='lat' dir='ltr'>de</span> <span class='ocrx_word' id='word_1_327' title='bbox 285 3674 354 3711; x_wconf 78' lang='lat' dir='ltr'>coos.</span> <span class='ocrx_word' id='word_1_328' title='bbox 363 3658 431 3725; x_wconf 78' lang='lat' dir='ltr'>plait.</span> <span class='ocrx_word' id='word_1_329' title='bbox 443 3673 469 3724; x_wconf 87' lang='lat' dir='ltr'>p.</span> <span class='ocrx_word' id='word_1_330' title='bbox 484 3659 522 3720; x_wconf 87' lang='lat'>16,</span> <span class='ocrx_word' id='word_1_331' title='bbox 537 3660 585 3711; x_wconf 88' lang='grc'>160</span> <span class='ocrx_word' id='word_1_332' title='bbox 603 3656 642 3708; x_wconf 88' lang='lat' dir='ltr'>ed.</span> <span class='ocrx_word' id='word_1_333' title='bbox 661 3657 744 3725; x_wconf 86' lang='lat' dir='ltr'>Peip.:</span> <span class='ocrx_word' id='word_1_334' title='bbox 762 3657 854 3724; x_wconf 83' lang='lat' dir='ltr'>Itaque</span> <span class='ocrx_word' id='word_1_335' title='bbox 871 3655 936 3709; x_wconf 89' lang='lat' dir='ltr'>libet</span> <span class='ocrx_word' id='word_1_336' title='bbox 953 3657 1102 3711; x_wconf 84' lang='lat' dir='ltr'>exclamare.</span> 
     </span>
    </p>
   </div>
   <div class='ocr_carea' id='block_1_6' title="bbox 72 3757 1245 3845">
    <p class='ocr_par' dir='ltr' id='par_1_8' title="bbox 72 3757 1245 3845">
     <span class='ocr_line' id='line_1_35' title="bbox 72 3757 1245 3845; baseline 0.01 -19"><span class='ocrx_word' id='word_1_337' title='bbox 72 3757 74 3760; x_wconf 49' lang='lat'><strong>⁴</strong></span> <span class='ocrx_word' id='word_1_338' title='bbox 181 3764 474 3842; x_wconf 62' lang='lat' dir='ltr'>interverterunt.</span> <span class='ocrx_word' id='word_1_339' title='bbox 487 3792 512 3844; x_wconf 83' lang='lat' dir='ltr'>p.</span> <span class='ocrx_word' id='word_1_340' title='bbox 525 3778 878 3840; x_wconf 83' lang='lat' dir='ltr'>5‚9;20,13;25‚12et22,</span> <span class='ocrx_word' id='word_1_341' title='bbox 891 3776 923 3831; x_wconf 78' lang='lat' dir='ltr'>ar.</span> <span class='ocrx_word' id='word_1_342' title='bbox 994 3779 1023 3830; x_wconf 94' lang='lat'>11</span> <span class='ocrx_word' id='word_1_343' title='bbox 1039 3767 1245 3845; x_wconf 69' lang='lat' dir='ltr'>ostermere]</span> 
     </span>
    </p>
   </div>
   <div class='ocr_carea' id='block_1_7' title="bbox 139 3887 1242 3998">
    <p class='ocr_par' dir='ltr' id='par_1_9' title="bbox 139 3887 1242 3998">
     <span class='ocr_line' id='line_1_36' title="bbox 139 3887 1242 3998; baseline 0.007 -16"><span class='ocrx_word' id='word_1_344' title='bbox 139 3929 334 3982; x_wconf 89' lang='lat' dir='ltr'>coniunctiuum</span> <span class='ocrx_word' id='word_1_345' title='bbox 345 3929 427 3996; x_wconf 87' lang='lat' dir='ltr'>posui,</span> <span class='ocrx_word' id='word_1_346' title='bbox 439 3929 485 3982; x_wconf 89' lang='lat' dir='ltr'>sed</span> <span class='ocrx_word' id='word_1_347' title='bbox 497 3929 529 3982; x_wconf 84' lang='lat' dir='ltr'>cf.</span> <span class='ocrx_word' id='word_1_348' title='bbox 539 3946 617 3998; x_wconf 86' lang='lat' dir='ltr'>supra</span> <span class='ocrx_word' id='word_1_349' title='bbox 628 3932 669 3993; x_wconf 90' lang='lat'>36,</span> <span class='ocrx_word' id='word_1_350' title='bbox 683 3933 708 3984; x_wconf 90' lang='lat'>1:</span> <span class='ocrx_word' id='word_1_351' title='bbox 723 3932 788 3991; x_wconf 86' lang='grc'>42,1</span> <span class='ocrx_word' id='word_1_352' title='bbox 859 3933 890 3984; x_wconf 95' lang='grc'>12</span> <span class='ocrx_word' id='word_1_353' title='bbox 905 3887 1079 3989; x_wconf 64' lang='grc'>2650112111</span> <span class='ocrx_word' id='word_1_354' title='bbox 1167 3935 1198 3987; x_wconf 82' lang='lat'>15</span> <span class='ocrx_word' id='word_1_355' title='bbox 1212 3923 1242 3990; x_wconf 82' lang='lat' dir='ltr'>lc</span> 
     </span>
    </p>
   </div>
   <div class='ocr_carea' id='block_1_8' title="bbox 139 4015 1240 4186">
    <p class='ocr_par' dir='ltr' id='par_1_10' title="bbox 139 4015 1240 4186">
     <span class='ocr_line' id='line_1_37' title="bbox 140 4015 1240 4114; baseline -0.004 -26"><span class='ocrx_word' id='word_1_356' title='bbox 140 4030 246 4100; x_wconf 76' lang='lat' dir='ltr'>curcul</span> <span class='ocrx_word' id='word_1_357' title='bbox 262 4031 297 4083; x_wconf 80' lang='lat' dir='ltr'>ita</span> <span class='ocrx_word' id='word_1_358' title='bbox 317 4031 380 4093; x_wconf 80' lang='lat' dir='ltr'>oon,</span> <span class='ocrx_word' id='word_1_359' title='bbox 400 4030 431 4084; x_wconf 79' lang='lat' dir='ltr'>cf.</span> <span class='ocrx_word' id='word_1_360' title='bbox 444 4048 468 4099; x_wconf 84' lang='lat' dir='ltr'>p.</span> <span class='ocrx_word' id='word_1_361' title='bbox 482 4035 522 4091; x_wconf 85' lang='lat'>82.</span> <span class='ocrx_word' id='word_1_362' title='bbox 537 4034 568 4088; x_wconf 80' lang='lat'>18</span> <span class='ocrx_word' id='word_1_363' title='bbox 586 4032 617 4085; x_wconf 78' lang='lat' dir='ltr'>al.</span> <span class='ocrx_word' id='word_1_364' title='bbox 679 4035 711 4087; x_wconf 86' lang='lat' dir='ltr'>ao</span> <span class='ocrx_word' id='word_1_365' title='bbox 730 4020 900 4091; x_wconf 75' lang='lat' dir='ltr'>bomrroes</span> <span class='ocrx_word' id='word_1_366' title='bbox 968 4035 999 4087; x_wconf 88' lang='lat'>21</span> <span class='ocrx_word' id='word_1_367' title='bbox 1020 4015 1159 4114; x_wconf 69' lang='lat' dir='ltr'>formal</span> <span class='ocrx_word' id='word_1_368' title='bbox 1174 4033 1240 4087; x_wconf 80' lang='lat' dir='ltr'>nolui</span> 
     </span>
     <span class='ocr_line' id='line_1_38' title="bbox 139 4133 477 4186; baseline 0.003 -2"><span class='ocrx_word' id='word_1_369' title='bbox 139 4134 164 4184; x_wconf 92' lang='lat' dir='ltr'>iu</span> <span class='ocrx_word' id='word_1_370' title='bbox 184 4133 359 4185; x_wconf 80' lang='lat' dir='ltr'>accusaturum</span> <span class='ocrx_word' id='word_1_371' title='bbox 377 4136 477 4186; x_wconf 82' lang='lat' dir='ltr'>mutare</span> 
     </span>
    </p>
   </div>
   <div class='ocr_carea' id='block_1_9' title="bbox 0 0 1410 4634">
    <p class='ocr_par' dir='ltr' id='par_1_11' title="bbox 0 0 1410 4634">
     <span class='ocr_line' id='line_1_39' title="bbox 0 0 1410 4634; baseline 0 3"><span class='ocrx_word' id='word_1_372' title='bbox 0 0 1410 4634; x_wconf 95' lang='lat' dir='ltr'> </span> 
     </span>
    </p>
   </div>
  </div>
 </body>
</html>
