2812 4634
215 270 257 336 74
643 349 645 353 ,
668 245 872 359 priscilliani

215 444 248 508 in
271 463 305 508 eo
327 448 408 527 quod
426 444 600 529 patiebatur
620 445 757 529 paseha
779 462 882 509 suum
898 443 1084 509 Christum
1098 441 1329 531 inmotlatnm
1377 477 1379 480 ·

216 565 296 628 esse
319 547 485 629 oognosoit,
505 548 628 611 ‘dicento
649 547 759 611 Panlo:
787 547 818 610 si
839 547 1070 628 conplantati
1090 547 1181 611 faeti
1203 565 1340 630 snmus

216 648 594 714 similitudinimortis
607 650 694 731 eins,
711 648 820 713 simul
836 648 1165 714 etresnrreotionis
1181 649 1331 729 erimus,
1375 641 1376 644 ’

217 752 377 816 seientes
399 752 465 816 hoo
487 752 571 834 quie
591 755 706 842 notus.
721 752 828 827 homo
848 749 973 816 noster
995 751 1104 819 simul
1121 751 1226 815 ornei
1247 749 1330 815 oon-

127 869 128 873 ’
215 854 311 918 fixus
342 858 412 934 est,
439 857 479 918 nt
500 855 712 929 destruatur
738 870 869 936 eorpus
897 854 1039 936 pensati
1065 857 1100 917 st
1128 854 1226 918 ultra
1255 869 1366 918 nono

216 957 420 1021 serniamns
449 961 614 1040 peooato,
644 962 676 1021 et
701 956 884 1041 alibiipss:
914 956 1007 1038 quod
1037 957 1132 1020 enim
1161 961 1328 1022 mortuns

216 1062 272 1122 est
289 1064 439 1141 peceato
462 1063 626 1123 mortuus
646 1062 703 1123 est
722 1059 964 1141 semel,·qnod
983 1063 1104 1124 antem
1122 1059 1219 1123 uiuit
1233 1059 1330 1135 ninit

90 1238 92 1241 Ι
217 1161 289 1224 deo.
319 1161 459 1242 Denique
475 1163 548 1226 deus
568 1165 673 1230 noster
686 1162 852 1227 adsumens
868 1174 1001 1241 oannem,
1023 1162 1154 1226 formam
1168 1162 1201 1226 in
1223 1152 1257 1226 se
1279 1161 1330 1225 dei

155 1272 193 1327 99
216 1266 248 1327 et
268 1263 401 1329 hominis
422 1263 504 1328 idest
525 1265 645 1328 diuinae
667 1265 788 1334 animae
809 1267 840 1328 at
859 1268 999 1328 terrenae
1022 1264 1121 1335 earnis
1144 1261 1329 1350 adsigt'nans,
1355 1263 1357 1267 ’

216 1367 290 1429 dnm
311 1366 401 1430 alind,
417 1386 452 1430 ex
473 1351 529 1431 his
544 1367 661 1450 peooati
678 1367 824 1456 formam,
840 1367 930 1452 ¹{alind
952 1367 1089 1431 diuinam
1110 1368 1245 1431 ostendit
1260 1386 1328 1432 esse
1344 1384 1367 1424 ιο
1391 1429 1392 1432 ,

216 1473 369 1548 natmam,
391 1469 526 1551 illudque
548 1487 647 1533 arma
665 1469 880 1555 iniquitatis
899 1474 1060 1558 peceato,
1080 1470 1136 1534 hoo
1154 1469 1329 1534 iustitiae

216 1584 315 1636 arma
329 1572 519 1636 demonstrat
533 1572 565 1636 in
580 1573 713 1636 salutem
727 1576 865 1636 nostram
884 1572 1014 1636 uerbum
1035 1590 1105 1636 earo
1119 1572 1230 1652 faetus,
1253 1573 1329 1661 dum

215 1672 382 1737 inuisibilis
411 1675 559 1754 cernitur,
593 1675 784 1739 innascibilis
818 1675 968 1753 nasoitnr,
1001 1674 1328 1757 inconpraehensibilis

216 1776 378 1856 adtinotur,
401 1777 474 1840 dum
489 1779 617 1841 moritur
638 1779 729 1842 homo
745 1778 879 1861 resurgit
900 1783 935 1841 nt
949 1779 1023 1841 deus
1039 1782 1071 1842 et
1085 1796 1166 1841 nuno
1182 1780 1328 1842 tristem

216 1877 287 1948 sibi
309 1880 464 1943 animam
479 1898 593 1961 usque
616 1880 658 1944 ad
672 1885 825 1944 mortem
846 1881 933 1961 quasi
949 1881 1060 1944 timens
1077 1881 1222 1961 queritur,
1246 1899 1328 1944 nuno
1344 1895 1366 1934 ιε

216 1981 298 2044 ultra
329 1982 496 2046 humanam
526 1981 741 2046 confidentiam
774 2001 931 2046 sessurum
964 2002 996 2046 ss
1027 1983 1064 2046 ad
1094 1983 1144 2047 dei
1171 1985 1327 2047 dexteram

146 2116 148 2120 >
216 2080 393 2167 profitettm
423 2102 503 2147 nuno
526 2085 637 2149 auferri
666 2085 693 2148 si
721 2084 866 2166 possibile
896 2085 936 2148 sit
965 2086 1090 2149 oalioem
1113 2086 1228 2166 expetit
1256 2104 1328 2168 pas-

181 2255 183 2258 ,
216 2186 320 2266 sionis,
343 2205 423 2250 nuno
438 2186 624 2251 confidenter
638 2190 797 2267 tamqnam
819 2190 979 2269 aooeptnm
997 2188 1034 2252 ds
1055 2191 1141 2270 patre
1157 2187 1328 2252 bibiturum

188 2291 189 2295 ’
217 2307 250 2354 se
274 2308 344 2353 eum
367 2308 434 2353 esse
457 2290 621 2369 contendit,
645 2308 727 2353 nuno
749 2289 891 2354 relietum
912 2309 946 2354 se
968 2290 1000 2354 in
1014 2279 1208 2373 passionibus
1231 2308 1249 2354 a
1269 2290 1327 2354 deo

216 2395 375 2472 tamquam
397 2392 487 2456 homo
503 2393 650 2472 queritur,
672 2410 754 2455 nuno
775 2392 931 2456 confitenti
945 2392 1057 2456 latroni
1078 2396 1236 2474 tamquam
1251 2394 1327 2456 dens
1341 2409 1368 2448 ευ

216 2494 392 2575 paradisum
418 2491 589 2576 pollicetnn
621 2495 693 2557 dum
715 2494 796 2558 filins
826 2495 935 2558 dieitur
964 2499 995 2558 et
1016 2494 1127 2577 Ioseph
1156 2499 1242 2578 pater
1264 2513 1327 2559 non

116 2601 118 2606 ‘
217 2600 274 2677 est,
304 2597 376 2660 dum
406 2597 485 2662 filins
509 2598 618 2662 dieitur
647 2600 678 2661 et
698 2597 799 2661 Maria
820 2599 906 2680 uirgo
937 2600 1008 2662 ants
1029 2601 1209 2680 oonoeptum
1238 2599 1327 2681 uirgo

216 2700 389 2781 ooneipiens
412 2705 443 2764 et
465 2689 547 2764 edita
567 2718 656 2764 earne
679 2701 800 2764 saeculo
822 2701 931 2764 datura
946 2701 1126 2764 miraculum
1149 2703 1234 2783 uirgo
1255 2705 1328 2783 post

119 2812 120 2815 ’
136 2813 194 2866 100
217 2805 341 2882 partum
363 2797 373 2898 14
388 2803 531 2884 qnoniam
545 2805 624 2866 inter
637 2803 699 2866 ista
712 2806 777 2866 tam
793 2803 924 2883 diuersa,
941 2806 1004 2867 tam
1020 2803 1143 2867 dissona
1158 2804 1327 2867 seeundum

215 2904 456 2987 intellegentiam
488 2906 641 2971 humanae
674 2909 830 2970 creaturae
863 2922 924 2969 non
957 2907 1133 2969 conueniret
1165 2906 1327 2988 uirginitas
1341 2930 1368 2969 as

216 3006 403 3087 partitudini,
427 3008 602 3074 aeternitati
622 3025 716 3087 mors,
739 3007 942 3072 adhortationi
964 3006 1141 3086 diffidentia,
1164 3009 1327 3090 trepidatio

249 3175 252 3180 ’
318 3149 559 3214 101.1.cor.5,7.
611 3151 715 3216 annm.
726 3153 749 3214 6,
760 3155 782 3206 5.
793 3153 817 3206 6.
869 3151 1057 3215 6Rom.6‚10.
1109 3154 1139 3207 ll
1158 3151 1330 3216 nono-13.

116 3297 118 3301 7
217 3237 248 3289 14
260 3235 354 3288 Matth.
369 3237 410 3295 26,
424 3239 469 3297 38;
485 3236 565 3290 Maro.
583 3239 623 3300 14,
640 3238 680 3290 34.
751 3234 791 3290 ad.
810 3252 836 3289 n.
854 3239 953 3292 16-19
972 3235 1004 3290 of.
1016 3236 1110 3290 matth.
1124 3238 1164 3300 26,
1177 3239 1217 3291 64.
1231 3239 1272 3292 89.
1285 3240 1327 3294 29.

165 3342 168 3346 ·
194 3362 196 3366 1
217 3323 248 3376 19
265 3320 398 3388 relietum]
416 3321 448 3374 of.
461 3321 555 3375 matth.
568 3323 662 3385 atro.
714 3323 748 3377 20
766 3320 873 3389 latroni]
892 3320 924 3374 of.
936 3321 999 3375 Luo.
1011 3323 1052 3385 23,
1064 3324 1105 3376 43.

255 3478 256 3481 κ
317 3443 348 3496 ro
360 3420 494 3506 aaaron,
507 3442 538 3496 oe
550 3443 612 3496 eron.
626 3442 673 3525 rr,
685 3445 732 3495 so.-
748 3440 818 3494 noa
828 3441 970 3494 humanm
987 3432 1204 3510 denotandam
1221 3441 1329 3510 rra.-

214 3525 285 3579 ultra
301 3525 429 3579 humanae
446 3526 606 3579 infirmitatis
623 3526 743 3589 modum;
761 3525 794 3580 of.
805 3528 842 3595 X,
855 3532 880 3593 7,·
891 3527 945 3595 XI,
957 3531 1005 3592 445
1015 3527 1085 3594 XII,
1097 3531 1138 3580 38.
1150 3530 1191 3580 56.

259 3726 272 3779 1
293 3715 527 3811 oronaojtaros,
548 3722 581 3778 er.
594 3725 634 3787 rr,
648 3725 680 3780 18
733 3679 958 3784 sidonense
1021 3724 1052 3778 14
1070 3704 1324 3801 adsentiretur,

216 3875 524 3946 aennoopuneosoer.
579 3879 812 3957 merestonam
878 3879 911 3932 ro
925 3885 1121 3956 quassatos
1190 3877 1224 3930 aa
1243 3838 1323 3936 cato

217 3990 282 4056 me,
310 3993 340 4038 Ν
365 3979 402 4044 (in
420 3979 490 4044 ΑΝ)
510 3977 556 4038 lin.
578 3979 731 4031 tenuissima
757 3980 783 4031 et
808 3981 905 4046 puncto
932 3977 981 4032 del.
1067 3980 1106 4032 24-
1128 3961 1324 4058 ΙΒῙΑΙῙϋΑῦ),

216 4143 240 4190 Α
257 4133 294 4198 tiu
312 4133 384 4198 em)
400 4146 535 4199 perpetem
552 4130 597 4183 nn.
616 4127 665 4181 del·
743 4133 775 4186 25
796 4089 999 4210 u'ncmrras,
1019 4131 1051 4184 or.
1064 4109 1133 4194 sao
