2812 4634
129 267 178 333 ‘24'
580 281 784 336 Priscilliani

129 439 260 522 ‘magicis
285 436 583 520 praecantationibus
611 437 839 518 primitiuorum
864 436 1022 500 fructuum
1050 439 1100 503 uel
1126 440 1248 523 expiari

132 541 183 605 uel
197 540 366 605 consecrari
385 543 522 622 oportere
536 542 679 622 gustatus
694 543 947 621 unguentumque
961 540 1116 606 maledicti
1131 541 1196 608 Soli
1211 546 1241 608 ei

72 726 73 730 Ἰ
131 643 246 723 Lunae,
265 659 336 706 cum
356 640 467 724 quibus
485 640 614 720 deficiet,
634 640 886 705 consecrandum:
906 641 987 722 qnod
1001 643 1058 723 *qni
1076 642 1153 731 legit
1169 663 1248 727 pro-‚

131 744 207 809 tulit·
222 743 349 808 credidit
367 743 441 807 iecit
455 742 564 806 habuit
581 742 709 822 induxit,
728 758 790 806 non
804 742 904 806 solnm
920 744 1113 808 anathema
1126 763 1241 811 mara·

95 845 96 848 ’
131 845 257 925 nathan,
280 844 333 908 sed
354 844 447 908 etiam
467 843 569 927 gladio
590 843 817 925 persequendus
840 846 896 923 est,
923 844 1068 924 quoniam
1089 847 1266 930 scriptume

131 944 192 1022 est:
214 946 402 1010 maleficos
417 963 494 1009 'non
516 945 646 1008 sinetis
668 944 802 1009 ninere.
832 943 897 1009 Sibi
911 945 1015 1027 itaqua
1033 946 1167 1015 habeant
1185 951 1241 1014 ad-

131 1047 323 1113 innentiones
342 1046 545 1110 hereticorum
563 1039 696 1115 nefarias
715 1049 746 1110 et
764 1046 873 1130 dignas
893 1046 1052 1130 gebennas
1066 1049 1240 1134 interprae-

131 1150 273 1230 tationes,
292 1146 298 1233 1
317 1148 376 1213 sibi
398 1152 523 1212 teneant
544 1147 788 1226 scismaticorum
802 1148 974 1213 calumniae
991 1151 1169 1221 multinolas
1183 1171 1240 1218 no-

130 1251 279 1321 luntates:
310 1249 541 1314 tabernaculum
560 1249 686 1313 wChristi
712 1250 761 1313 dei
787 1253 819 1314 et
844 1250 995 1332 templum
1025 1253 1106 1334 qnod
1131 1258 1180 1318 e'st
1204 1255 1238 1320 in

130 1353 219 1418 nobis
246 1369 335 1417 nemo
357 1351 515 1416 oonueliet.
545 1350 752 1433 Illirlegentes
766 1353 932 1434 scripturas
952 1370 1078 1418 saxeum
1091 1371 1236 1421 corneum
1251 1374 1278 1414 ιο

119 1455 285 1538 ,lapideum
299 1454 389 1517 deum
402 1456 525 1535 putent:
547 1450 635 1516 nobis
654 1453 687 1516 in
705 1453 789 1517 omni
804 1453 964 1536 scriptura,
986 1442 1066 1520 sieut
1087 1457 1237 1540 scriptum

130 1559 188 1637 est,
207 1555 392 1620 unicornis
408 1558 464 1618 est
478 1555 574 1632 dens,
596 1552 684 1624 uobis
702 1553 955 1636 petraObristus
977 1556 1066 1621 nobis
1087 1558 1165 1640 lapis
1181 1577 1238 1624 an·

130 1657 245 1741 gularis
259 1656 356 1736 Iesus,
378 1654 466 1720 nobis
488 1654 648 1718 hominum
669 1655 761 1719 homo
777 1655 926 1726 Christus.
949 1656 1000 1720 Illi
1018 1661 1176 1740 tunquam
1189 1661 1236 1724 fili

129 1758 307 1842 perditionis
318 1762 350 1821 et
361 1756 459 1821 zaboli
473 1756 598 1819 credant
609 1775 641 1819 se
653 1748 752 1820 zaboli
765 1756 852 1820 inbre
867 1759 1009 1824 saturari:
1025 1759 1113 1824 nobis
1127 1763 1236 1826 omni-

129 1864 258 1944 potens
279 1861 365 1923 deus
388 1862 459 1936 est,
486 1857 546 1938 qui
572 1858 726 1921 aduocat
751 1875 878 1944 apuam
905 1860 1071 1925 mariswet
1092 1865 1274 1946 spargitis

130 1980 207 2025 eam
229 1980 337 2043 super
355 1960 485 2027 faciem
507 1956 622 2031 totins
641 1962 760 2023 terrae
780 1963 811 2023 et
828 1960 986 2042 plnuiam
1004 1963 1176 2028 matutini
1197 1969 1235 2037 et

68 2073 107 2128 29
130 2062 284 2128 serotini
305 2058 434 2146 initbris
455 2059 632 2141 indulget.
661 2060 701 2128 ut
722 2061 749 2123 si
770 2061 879 2125 uolunt
899 2061 1036 2126 infelices
1058 2063 1117 2146 ipsi
1131 2083 1234 2146 nosse,

130 2165 228 2247 qualis
258 2164 299 2227 sit
328 2163 402 2226 deus
429 2179 532 2226 eorum
559 2160 608 2224 eui
636 2162 775 2225 eredunt:
805 2162 871 2244 ipse
896 2167 952 2243 est,
980 2164 1059 2229 sicut
1084 2166 1234 2232 scribtum

129 2270 177 2330 ost
194 2267 227 2329 in
241 2266 368 2348 profeta,
390 2266 467 2328 fera
489 2282 578 2345 quae
600 2263 664 2327 sub
687 2264 784 2328 omni
806 2263 932 2328 arbore
954 2266 1086 2331 dormit
1108 2286 1234 2334 sccun-

129 2369 210 2432 dum
233 2368 364 2431 siluam
389 2369 425 2430 et
445 2383 604 2448 papyron
630 2369 665 2429 et
685 2364 872 2439 bntomom
901 2366 966 2448 ipse
992 2370 1039 2431 est
1064 2370 1274 2434 secundamus

129 2471 209 2551 quod
231 2469 379 2533 scribtum
402 2474 449 2532 est
470 2469 501 2530 in
522 2467 578 2531 Iob
599 2466 722 2531 dicente·
740 2467 876 2531 domino:
903 2468 939 2532 in
960 2487 1047 2551 gyro
1068 2471 1233 2536 dentium

129 2573 207 2635 eius
232 2572 353 2649 timor,
382 2571 525 2634 uiscera
550 2569 627 2633 eius
654 2570 805 2651 aspedes
831 2587 957 2632 aereae
984 2573 1019 2634 ct
1044 2572 1233 2638 uinculum

129 2665 207 2736 eins
225 2671 324 2736 sicut
345 2671 488 2753 myritis
509 2671 618 2752 lapis;
641 2689 710 2734 non
732 2671 890 2734 transiet
911 2690 989 2735 eum
1011 2672 1232 2754 spiritus3in

130 2773 443 2838 aesternutatione
469 2773 545 2836 eius
568 2772 800 2854 adaperietur
826 2772 1008 2854 oplandum
1034 2775 1130 2838 oculi
1151 2775 1232 2840 eius

130 2875 269 2938 similes
291 2874 472 2948 Lucifer03
499 2874 541 2937 do
563 2892 622 2938 ore
643 2874 721 2937 eius
743 2877 873 2937 exeunt
898 2874 1084 2958 lampades
1106 2878 1272 2942 arden-ss

228 3112 284 3166 41.
302 3111 359 3166 Cor.
379 3114 419 3175 16,Ι
435 3113 476 3166 22.
560 3109 730 3172 emoneo,
749 3112 788 3166 18.
873 3109 1231 3177 murmuramus.

128 3196 236 3258 Italam3
258 3197 334 3250 Dent.
355 3198 395 3259 33,
417 3198 456 3252 17.
558 3196 591 3250 14
611 3192 691 3247 Amor
707 3198 731 3257 5,
747 3197 777 3256 8;
794 3193 849 3247 Iob.
867 3197 891 3257 5,
908 3197 947 3250 10.
1049 3199 1081 3252 16
1100 3197 1231 3270 pluuium]

128 3281 321 3343 01.Ιοθ12,23.
401 3278 564 3353 19101140,
584 3280 627 3341 163
651 3278 832 3346 Septuaginta:
856 3277 920 3345 παρὰ
936 3278 1041 3346 adnepos
1062 3279 1102 3332 καὶ
1122 3281 1232 3348 κάλαμον

128 3366 167 3417 καὶ
178 3365 306 3434 poema
323 3380 370 3435 pro
381 3362 491 3418 ‘siluam’
503 3363 536 3417 Η.
549 3362 708 3416 Roensehiua
719 3361 813 3416 litteris
826 3361 858 3415 ad
871 3379 912 3415 me
924 3362 991 3417 datia
1003 3365 1112 3419 coniecit
1123 3364 1232 3421 'ulnam'

129 3473 160 3496 ε
178 3449 293 3518 κάλαμον.
370 3452 401 3504 21
420 3447 475 3502 Iob.
493 3450 535 3510 41,
553 3449 627 3501 5-7.
645 3449 737 3502 9-13.

170 3644 364 3771 abstrudi,
382 3698 408 3747 a
425 3687 470 3740 lin.
489 3685 538 3740 del.
645 3686 661 3739 6
683 3645 1018 3763 abrrduerctroroerir,
1042 3697 1078 3745 m
1104 3687 1151 3742 lin.
1178 3687 1232 3747 dol.
1265 3664 1267 3668 ’

129 3810 160 3864 11
177 3817 234 3894 1³1⁰
236 3815 333 3895 1ῐεΝῑ
346 3823 376 3860 ex
388 3811 526 3887 peruror
544 3820 608 3858 corr.
679 3806 711 3859 14
727 3795 915 3882 serracob,
931 3813 956 3861 a
969 3805 1006 3870 (in
1023 3807 1099 3873 sca)
1115 3805 1160 3861 lin.
1179 3807 1233 3864 dol.

129 3980 161 4034 17
179 3984 317 4051 amenis,
336 3974 402 4029 falso
417 3986 428 4035 e
443 3985 494 4032 exi
514 3989 578 4028 corr.
658 3914 949 4053 impetre's'ii'osse
1018 3977 1051 4029 22
1069 3965 1235 4053 aspebes]

127 4093 202 4149 facile
220 4093 330 4147 conicias
349 4093 512 4147 scribendum
530 4109 583 4145 esse
602 4081 746 4173 aspide}
