2812 4634
548 318 710 370 tractatus
728 316 759 370 X.
850 327 852 330 ⁴
1167 299 1209 361 95

62 503 65 508 -
97 469 136 534 ad
165 471 256 534 fidem
287 474 339 534 aut
360 474 500 553 pugnant
529 476 582 536 aut
611 473 806 536 dominantur
835 473 867 535 in
897 473 984 537 nobis
1014 463 1208 535 tribulatione

96 572 292 637 formidinum
315 591 370 636 sou
393 573 561 637 adolatione
587 574 731 653 felicium,
753 572 813 653 (ut)
835 592 925 655 quae
948 573 1207 638 distrucximus

95 676 322 739 instruentes
339 675 376 738 ad
399 693 435 737 ea
449 675 559 756 quibus
582 677 824 740 renuntiauimus
843 680 1044 755 reuertamur,
1066 677 1209 757 quoniam

95 778 173 841 nihil
201 779 330 841 interest
360 777 488 858 diabolo,
518 781 623 842 utrum
652 782 736 842 metu
765 780 917 842 malorum
945 797 984 842 an
1012 778 1209 860 persuasione

67 895 82 934 ⁵
96 880 232 968 felicium
247 879 397 943 alienatae
413 897 431 942 a
446 879 502 943 deo
517 881 599 944 uitae
616 881 759 963 peccati
774 882 916 945 occasio
932 884 962 945 ot
976 881 1104 945 materia
1122 897 1210 962 prae-

96 985 203 1060 stetur,
232 982 293 1045 nisi
315 981 396 1063 quod
424 982 487 1044 iam
509 982 541 1045 in
564 982 791 1064 captiuitatibus
815 983 927 1046 nostris
956 981 1140 1046 tolerabilior
1163 985 1210 1045 est

96 1084 283 1148 consuetudo
313 1084 506 1148 miseriarum
532 1103 626 1166 quam
647 1085 735 1149 ruina
757 1085 900 1165 felicium,
928 1084 1046 1147 dicente
1068 1084 1105 1147 de
1124 1081 1133 1168 ll
1151 1085 1208 1152 hoc
1233 1091 1291 1144 129

94 1186 228 1269 profeta:
252 1187 334 1249 audi
349 1204 412 1265 me,
427 1187 584 1268 populus
598 1188 897 1267 meus,·quoniam
912 1187 1007 1250 sicut
1023 1189 1209 1250 exactores

95 1289 213 1352 uestri
242 1287 551 1353 circumscribunt
576 1306 650 1368 uos,
679 1290 730 1353 ita
752 1293 787 1353 et
815 1289 876 1370 qui
897 1288 1116 1352 beatificant
1144 1304 1206 1351 uos

53 1412 82 1452 ιο
95 1391 277 1469 seducunt
292 1398 366 1470 uos,
388 1393 429 1454 ut
443 1390 593 1455 semitas
610 1392 740 1473 pedum
759 1395 966 1455 uestrorum
980 1390 1208 1454 conturbent.

138 1493 179 1556 Et
192 1493 259 1557 ideo
274 1493 375 1556 Dauid
390 1496 514 1557 sanctus
530 1479 681 1557 titulum
695 1494 828 1576 psalmi
848 1494 884 1557 in
906 1492 1108 1557 doctrinam
1130 1511 1209 1557 con-

94 1613 284 1659 uersorum
299 1595 412 1676 positi
427 1598 509 1678 post
524 1597 689 1660 deuictae
706 1596 794 1660 duas
806 1594 929 1679 Syrias
944 1597 975 1659 in
991 1596 1210 1660 exultationem

95 1697 284 1762 triumfantis
306 1697 432 1777 inducit,
454 1700 503 1776 ut„
521 1699 574 1779 qui
594 1698 720 1762 titulum
741 1698 854 1780 psalmi
875 1698 908 1763 in
930 1699 1098 1762 doctrinam
1118 1698 1211 1780 positi

95 1804 127 1864 et
149 1801 385 1881 gratulationem
406 1800 506 1864 Dauid
532 1801 612 1865 inter
633 1795 716 1864 bolla
738 1801 848 1864 saluati
869 1801 905 1884 in
929 1802 1118 1865 intellectum
1140 1818 1210 1882 pro-

53 1903 178 1986 pfetici
199 1902 349 1965 sermonis
364 1898 568 1987 agnoscebat,
591 1902 711 1966 diuinae
732 1903 960 1986 intellegentiae
981 1921 1057 1987 opus
1080 1903 1208 1967 moliens

94 2008 126 2068 et
140 2005 336 2068 uoluntatum
358 2023 483 2068 suarum
498 2005 530 2068 in
553 2023 586 2068 se
607 2005 715 2068 uidens
729 2003 813 2069 bella
834 2005 986 2069 humanae
1000 2004 1208 2077 inbecillitatis

93 2110 253 2189 respueret
274 2124 390 2170 errores
413 2112 444 2170 et
466 2107 540 2171 duas
556 2106 658 2190 Syrias
681 2107 738 2171 hoc
758 2093 814 2171 est*
827 2107 885 2171 duo
899 2109 1110 2190 peccaminum
1125 2107 1209 2190 prin-

93 2211 183 2292 cipia,
206 2209 294 2290 vquod
315 2209 397 2273 aliud
424 2209 520 2272 animi
542 2209 624 2273 aliud
653 2210 785 2292 corporis
808 2196 906 2274 officio
936 2210 1025 2275 datur
1053 2210 1208 2274 saeculare

93 2312 210 2393 aliquid
237 2311 318 2375 uelle
347 2312 398 2376 uel
427 2303 537 2398 facere,
568 2311 731 2376 deuincens
761 2312 921 2392 indutus,
952 2312 1032 2376 sicut
1061 2311 1209 2375 scribtum

51 2435 81 2474 ro
95 2417 153 2493 est,
183 2413 274 2477 fidei
296 2415 405 2478 armis
428 2415 573 2478 uitiorum
595 2418 700 2497 ageret
721 2402 912 2496 triumphum
934 2417 965 2478 et
993 2413 1148 2477 dedicatae
1176 2415 1208 2477 in

95 2515 217 2580 Christo
234 2516 470 2579 conuersationis
492 2516 826 2583 inmarcescibilem
847 2522 1016 2580 coronam
1036 2516 1122 2579 uelut
1143 2516 1209 2597 qui-
1269 2563 1271 2566 ,
1320 2546 1321 2550 =

92 2618 227 2682 busdam
249 2618 382 2681 uictricis
405 2618 533 2681 militiae
555 2619 713 2701 stipendiis
736 2622 914 2698 mereretur,
936 2615 945 2703 Η
968 2619 1109 2700 quoniam
1131 2619 1207 2681 haec
1231 2624 1290 2680 130
1365 2628 1367 2633 ’

92 2709 222 2803 perfecti
249 2719 320 2783 boni
342 2721 439 2802 gloria
461 2724 517 2800 est,
547 2721 584 2801 si,
614 2722 692 2785 sicut
722 2720 871 2785 scribtum
893 2724 950 2800 est,
980 2721 1207 2784 castificatio

92 2823 260 2905 corporis
275 2823 371 2904 pretio
387 2822 532 2886 excolitur
546 2823 764 2903 uoluntatis.
780 2822 919 2904 Denique
935 2822 1121 2886 dumnulina
1136 2825 1209 2904 aput

51 2943 150 2989 aenos
176 2924 303 2989 infinitis
329 2924 398 2989 finis
428 2927 476 2988 est
497 2927 528 2988 et
553 2925 612 2989 fixo
637 2926 669 2988 in
690 2925 843 2989 lubricum
864 2943 970 3008 gressu
1000 2925 1124 2989 modum
1146 2941 1208 2988 non

195 3041 393 3106 aaronem.
429 3041 855 3106 eof.a0m.a‚a.11.‘ans.e,rn
892 3046 922 3099 11
934 3028 1092 3106 nasson.
1132 3041 1206 3099 roan

90 3131 169 3184 Rom.
181 3131 220 3193 13,
232 3132 276 3192 12;
287 3127 354 3197 aph.
364 3131 389 3192 6,
400 3131 430 3184 11
444 3143 499 3197 sqq.
543 3131 575 3184 21
588 3130 611 3183 Ι.
622 3128 693 3183 Patr.
704 3133 727 3192 5,
737 3131 761 3184 4.
805 3131 839 3184 23
851 3128 924 3198 cast]
938 3128 970 3182 cf.
983 3143 1096 3196 supra’p.
1110 3131 1151 3192 72,
1166 3130 1205 3192 16,

91 3215 139 3276 aad
156 3214 245 3268 nostro
262 3214 320 3268 loco
340 3206 524 3273 volumtas
542 3230 588 3283 pro
608 3206 779 3296 Uoluptas
798 3215 925 3282 scripturn
943 3230 997 3270 osse
1014 3212 1126 3267 uidetur.

137 3354 151 3406 1
169 3333 462 3431 ρυςΝΑιΝτῐΑυῐ,
477 3353 534 3404 erat
547 3339 713 3433 ρυςΝΑΙτ,
733 3349 827 3405 deinde
847 3359 897 3408 Ντ
913 3351 942 3404 in
958 3366 1040 3418 marg.
1060 3349 1128 3403 affix.
1147 3352 1207 3410 att

89 3447 356 3521 (mauorlinden'
407 3445 643 3514 taroolanono
706 3452 873 3514 aoroeesa
928 3434 1205 3529 trabatiana

92 3609 139 3674 Ν)
154 3606 200 3661 lm
214 3605 263 3660 ael.
351 3547 606 3683 abroditorum,
626 3617 651 3666 a
668 3608 706 3674 dn
724 3595 779 3674 ba)
795 3605 841 3664 liu.
863 3604 913 3659 oet
999 3608 1015 3660 5
1033 3598 1205 3666 atrebate

90 3700 378 3787 otollenaoabou,
397 3710 469 3778 prior
492 3703 556 3776 lon
570 3702 643 3776 toll)
659 3709 704 3764 lin.
724 3709 772 3763 ool.
854 3711 869 3762 a
888 3699 1119 3784 cousuetudo,
1146 3719 1156 3767 r
1175 3724 1205 3761 ex

92 3824 100 3871 ι
122 3799 188 3866 oon.
245 3815 274 3885 ‚a
293 3821 442 3889 aestans,
463 3812 537 3879 sliu
556 3813 620 3879 urs)
635 3811 683 3865 nn.
701 3810 751 3865 ool.
838 3814 867 3867 11
892 3801 1055 3889 psalmat,
1080 3826 1133 3863 una
1152 3809 1202 3865 uto.

89 3929 158 3968 em.
212 3917 244 3971 12
262 3903 427 3991 bonactus,
450 3925 508 3974 rex
528 3926 534 3972 ι
555 3929 619 3967 corr.
674 3917 705 3969 19
724 3896 939 4000 beros-bearsJ
992 3915 1026 3966 24
1042 3894 1201 3994 penetro,

88 4027 114 4076 Α
139 4015 186 4072 lin.
204 4015 254 4072 dol.
284 4083 301 4097 .
337 4018 576 4099 251Νξ1ΝΙῐΙε,
605 4019 661 4069 eret
690 4027 775 4099 paea,
803 4015 848 4068 sed
875 4025 999 4096 ΙΝῙΙΝ·
1025 4013 1203 4069 manlcorr.

144 4106 309 4229 mmcd,
325 4136 380 4213 clf·
397 4154 425 4207 in
442 4169 523 4221 marg.
543 4169 612 4207 man.
624 4152 646 4216 1,
665 4168 723 4222 opp,
742 4169 766 4222 p.
780 4155 820 4215 57,
833 4154 865 4208 18
