2812 4634
209 317 269 382 102
353 293 355 297 ¹
542 333 746 388 Priscilliani
769 335 929 388 tractatus
950 332 982 388 X.

206 490 356 556 redditum
372 507 500 573 eorpus
515 508 582 554 non
602 490 837 554 fornicationi
858 489 920 553 sed
942 490 1096 569 domino,
1119 509 1173 573 per
1186 490 1314 556 immor-

207 593 280 656 talia
296 595 525 675 praeceptorum
545 591 641 656 uerba
662 592 802 671 diuisum,
825 591 951 674 dignum
973 591 1174 656 tabernaculis
1197 591 1313 657 Christi

207 699 238 759 et
251 695 353 778 gloriis
368 695 487 759 futurae
501 693 726 761 resurrectionis
742 693 898 758 habeatur.
936 692 1042 775 Sisque
1056 694 1174 758 deuieto
1196 695 1311 760 mundo

205 797 291 863 uelut
319 796 478 879 subiugata
506 794 645 879 Aegypto
674 797 705 860 in
734 795 839 860 Etrem
872 799 903 860 et
931 796 1074 860 Monasse
1102 797 1311 863 laborantibus

206 899 294 963 datur
318 900 434 963 fruetus
456 916 513 962 nee
534 898 610 962 alius
632 898 690 962 nisi
719 916 758 962 er
784 897 873 961 Iuda
901 898 969 961 dur
997 899 1159 979 quaeritur,
1189 901 1337 981 quandoo

207 999 318 1065 Christi
338 1002 479 1083 passione
495 1000 618 1064 saluatus
640 995 715 1063 nihil
737 998 818 1063 aliud
839 1000 1039 1080 indonatum,
1061 999 1119 1064 nisi
1140 1001 1221 1082 quod
1234 1002 1310 1066 deus

127 1111 183 1166 141
207 1103 238 1166 in
267 1120 390 1167 earnem
418 1103 523 1167 uenire
551 1101 655 1182 uoluit,
684 1099 845 1186 inlinenitur
874 1119 930 1166 neo
957 1102 1016 1166 alia
1043 1103 1310 1184 perseuerantibus

207 1223 276 1288 spes
298 1208 355 1285 est,
384 1204 442 1268 nisi
463 1207 498 1269 ut
518 1205 807 1268 eireomnersura
829 1203 935 1267 mnndi
959 1204 1037 1269 idest
1057 1204 1199 1287 perfidiae
1227 1209 1311 1270 terra

204 1307 353 1386 sineatur,
374 1310 410 1371 ut
424 1307 660 1371 calciamento
678 1306 806 1389 pedum
828 1306 941 1374 domini
955 1308 1011 1372 hoo
1030 1310 1078 1371 est
1091 1309 1308 1391 euuangelio

205 1409 303 1492 panis
325 1413 447 1473 ostenso
468 1409 632 1473 distruatur
646 1409 765 1491 Dagon,
788 1426 863 1491 opus
878 1409 1000 1487 soeculi,
1016 1413 1047 1474 et
1061 1409 1199 1474 absoluta
1212 1404 1308 1475 testo-
1321 1437 1349 1478 ιο

204 1512 300 1576 menti
314 1529 392 1591 arca,
415 1510 495 1592 qood
515 1529 570 1575 nos
592 1528 707 1589 sumus,
729 1509 921 1574 Allodlorum
943 1510 1042 1574 aliena
1056 1512 1248 1576 suadentium
1263 1514 1308 1578 lo-

97 1598 99 1604 ’
205 1614 306 1694 quella
320 1616 488 1696 superetur,
508 1610 578 1696 (ut),
599 1613 652 1693 qni
666 1630 703 1675 ea
720 1629 798 1693 quae
819 1612 851 1676 in
872 1612 1044 1695 regionibus
1058 1613 1166 1695 posita,
1187 1614 1220 1678 in
1232 1615 1308 1680 loeis

206 1715 294 1795 dieta,
315 1716 348 1779 in
360 1715 483 1798 regibus
503 1718 575 1778 sunt
587 1714 758 1797 praedicate
772 1716 956 1798 cognouerit,
977 1715 1120 1779 uitiorum
1140 1717 1172 1779 in
1190 1734 1222 1781 se
1240 1717 1309 1781 toea

204 1835 298 1900 regna
317 1818 455 1899 regiones
477 1817 665 1899 disciplinato
687 1835 776 1898 opere
794 1816 974 1897 deuineens,
993 1817 1050 1882 etsi
1067 1818 1249 1899 profetatum
1269 1821 1307 1884 de

205 1920 260 1983 deo
281 1919 449 2002 intellegat,
471 1918 529 1983 sibi
545 1923 650 1983 tamen
664 1919 749 1983 uelut
762 1918 913 2001 quoddam
926 1920 1006 1984 uitae
1022 1920 1236 2002 exemplarium
1251 1940 1307 2003 po-
1321 1945 1349 1988 ιε

205 2023 297 2087 sitnm
311 2025 514 2104 reeognosoat,
536 2021 678 2102 queniam
692 2020 730 2084 ab
751 2021 835 2086 initio
856 2039 952 2103 usque
974 2022 1013 2084 od
1033 2021 1126 2085 finem
1146 2023 1307 2088 uenientes

203 2123 235 2186 in
256 2124 337 2187 hone
357 2123 506 2187 mundum
527 2123 604 2187 sieut
625 2122 716 2186 unitis
737 2123 871 2186 malitiae
896 2123 953 2187 niis
978 2123 1122 2204 fallimur,
1150 2124 1194 2189 ita
1219 2125 1307 2189 unita

204 2224 262 2290 fide
285 2229 316 2290 et
335 2225 518 2289 conuentione
540 2225 703 2289 saluamur.

83 2494 85 2498 ,
304 2432 318 2483 1
335 2426 357 2480 1.
370 2425 427 2481 Cor.
440 2429 463 2490 6,
477 2428 517 2483 13.
585 2430 601 2483 5
618 2427 650 2481 oi.
664 2426 780 2490 tinniit
795 2430 838 2490 103
859 2426 1018 2490 Meamne
1035 2427 1072 2496 (et
1088 2444 1167 2496 supra
1184 2431 1241 2494 101,
1254 2431 1306 2499 lt).

204 2516 220 2570 8
236 2513 269 2567 of.
281 2513 324 2567 Pa
336 2515 376 2575 59,
390 2515 421 2568 11
439 2512 557 2582 (περιοχή,
574 2511 654 2567 itala:
671 2511 883 2581 oneumstuntia).
935 2515 951 2568 9
968 2511 1001 2566 ef.
1013 2512 1078 2582 Epir.
1091 2516 1115 2577 6,
1129 2516 1169 2571 15.

246 2738 260 2792 1
281 2715 572 2815 fermentantis&
592 2734 673 2794 alin.
692 2732 741 2789 del.
821 2678 999 2814 tqofflto
1085 2737 1100 2790 o
1124 2727 1309 2826 notorem,

205 2840 236 2894 12
259 2846 300 2896 nt
322 2836 395 2890 dost
492 2839 522 2890 17
547 2844 680 2895 omerus
775 2838 806 2891 ns
827 2813 1230 2897 struimur-'uacuos
1257 2830 1305 2898 nt

203 2920 637 3023 popotom'exptrcuocupu
654 2929 857 3000 assuetudo
875 2921 1130 3022 superaddes*
