2812 4634
570 887 951 1006 PltlSCllllllNl

412 1116 682 1200 saloninus
716 1118 777 1200 ro
811 1118 1037 1209 roronun
1066 1118 1108 1201 11.

55 1280 193 1414 mitt}
246 1347 388 1412 Protetici
409 1347 535 1412 historia
558 1350 706 1414 sermonis
734 1349 845 1413 diuinis
866 1347 975 1414 inbuta
999 1349 1103 1414 uerbis
1126 1353 1157 1414 et
1181 1365 1319 1432 pronun·

204 1449 308 1513 tiantis
331 1451 412 1515 tituli
431 1451 516 1515 uelut
542 1452 687 1534 propositi
708 1451 851 1516 thematis
873 1455 961 1534 gesta
982 1452 1144 1534 disponens
1165 1470 1227 1516 non
1249 1470 1317 1516 me-

205 1551 334 1615 moriam
355 1553 530 1624 mortalium
552 1557 734 1636 temporum,
764 1570 841 1634 quaa
870 1553 1063 1618 conhiuentia
1088 1553 1222 1618 humano
1243 1571 1316 1618 san·
1341 1579 1357 1619 ε

205 1653 252 1716 sui
283 1654 416 1719 fortuitis
450 1673 571 1737 sempor
602 1655 737 1719 motibus
769 1655 801 1719 in
833 1654 948 1736 aliquid
981 1655 1124 1736 existunt,
1155 1658 1316 1737 tamquam

204 1754 243 1818 ad
265 1756 433 1820 doctrinam
460 1754 599 1838 publicae
625 1757 775 1840 opinionis
798 1756 957 1839 eloquitur,
988 1756 1042 1821 sed
1062 1757 1198 1822 referans
1226 1761 1315 1840 gesta

203 1875 377 1940 rognomm‚
393 1859 466 1922 dum
480 1859 558 1922 alter
572 1859 667 1923 alium
680 1861 716 1922 nt
729 1859 833 1923 uincat
847 1859 1005 1943 inpugnat,
1023 1859 1082 1924 hoc
1094 1858 1176 1941 quod
1189 1859 1315 1924 unicum

204 1960 236 2022 in
251 1960 338 2024 nobis
356 1960 496 2043 prosatici
517 1963 617 2043 operis
636 1979 747 2025 munus
763 1963 810 2025 est
824 1961 912 2025 docet
924 1965 996 2044 post
1010 1959 1194 2046 euasiolnem
1208 1978 1315 2026 corum

204 2079 282 2143 quac
304 2066 376 2127 sunt
398 2063 430 2127 in
445 2063 558 2127 mundo
579 2063 611 2127 in
633 2063 797 2146 cupiditate
812 2064 947 2146 perditae
968 2063 1049 2129 uitae
1063 2064 1143 2128 inter
1163 2066 1211 2128 tot
1231 2063 1314 2129 bella
1328 2091 1354 2129 ro

203 2165 346 2229 uitiorum
361 2165 577 2230 conscientiam
598 2165 637 2229 ab
659 2168 743 2230 omni
757 2168 846 2248 culpa
867 2165 996 2231 liberam
1016 2183 1198 2231 consemare
1221 2168 1252 2231 et
1270 2166 1315 2230 sic

204 2266 283 2331 tanti
297 2268 431 2332 muneris
446 2267 538 2332 deum
552 2271 770 2350 parentemque
785 2266 895 2332 debere
909 2268 1059 2352 cognosci,
1077 2270 1123 2348 ut,
1145 2267 1198 2350 qni
1211 2285 1313 2347 omne,

204 2369 285 2450 quod
304 2370 423 2451 profeta
443 2371 475 2433 iu
496 2369 704 2452 persecutione
718 2370 864 2435 sustinuit
885 2373 915 2435 et
933 2370 1070 2436 christus
1093 2368 1167 2434 dous
1188 2369 1222 2434 in
1242 2387 1314 2453 pas·

205 2471 323 2535 sionem
351 2490 439 2535 suam
466 2473 549 2551 uicit,
583 2472 625 2536 ad
653 2473 853 2537 doctrinam
883 2476 1043 2537 nostram
1072 2471 1211 2537 scribta
1244 2490 1313 2537 esso

204 2575 389 2656 cognouerit,
417 2575 486 2638 utili
513 2592 549 2637 ac
577 2575 748 2638 necessaria
773 2575 812 2638 ad
836 2574 1076 2658 intellegendum
1097 2573 1312 2639 mandatorum
1326 2600 1351 2641 rs

124 2691 181 2746 125
204 2676 254 2739 uia
269 2676 369 2739 nitens
381 2676 459 2740 inter
469 2679 515 2741 tot
524 2677 725 2759 inexploratos
736 2677 888 2740 humanae
898 2678 979 2741 uitae
995 2677 1150 2741 molestias
1165 2679 1197 2740 et
1210 2672 1221 2762 l
1235 2675 1313 2740 indi-

203 2795 280 2860 gnas
295 2776 352 2840 deo
366 2778 478 2841 saeculi
496 2777 714 2842 mensurabiles
729 2796 848 2861 pugnas
862 2777 1017 2843 luricam
1032 2778 1208 2857 iustitiae,
1231 2793 1313 2841 con·

203 2880 380 2943 fidentiae
394 2881 544 2963 galeam,
567 2884 708 2944 scutum
721 2881 920 2962 aequitatis
936 2885 978 2961 et,
993 2881 1071 2945 sicut
1089 2878 1238 2944 scribtum
1254 2883 1311 2959 est,

204 2980 366 3066 gladium
387 3000 428 3046 cx
452 2985 602 3064 utraque
624 2986 726 3065 parte
751 2986 896 3047 acutum
918 2983 1012 3047 diuini
1033 2983 1093 3048 oris
1115 2982 1259 3046 adsumat
1281 2985 1312 3046 et

307 3161 339 3215 14
348 3157 387 3214 cf.
396 3159 470 3213 ltonr.
481 3163 521 3224 15,
529 3160 555 3214 4.
590 3161 621 3215 17
631 3157 664 3213 ci.
673 3158 695 3212 1.
702 3158 790 3213 Thess.
800 3162 824 3223 5,
834 3161 862 3222 8;
870 3157 937 3228 Eph.
947 3162 971 3224 6,
982 3163 1020 3215 14.
1058 3161 1089 3216 19
1101 3157 1135 3213 cf.
1144 3158 1225 3227 npoo.
1237 3161 1260 3221 l,
1271 3159 1310 3213 16.

305 3323 322 3376 3
339 3320 398 3375 Uid.
416 3335 480 3388 quos
497 3287 576 3374 citari
593 3336 671 3389 supra
687 3335 712 3388 p.
725 3322 758 3376 86
776 3321 883 3376 Hilarii
899 3319 976 3375 locos.

247 3492 343 3549 2Uid.
364 3491 500 3560 subscript.
522 3490 600 3543 huius
621 3492 748 3543 tractatus
766 3492 793 3542 at
814 3488 951 3560 subscript.
978 3493 1105 3546 tractatus
1124 3484 1308 3545 antecedentis.

206 3597 223 3652 3
247 3593 326 3649 uerba
350 3574 825 3677 puofrtlcr-pRoNomrarol
850 3595 903 3646 tres
928 3609 1018 3647 uersus
1048 3591 1205 3662 complentia
1231 3591 1310 3645 rubro

205 3696 288 3751 colora
305 3698 408 3749 exarata
423 3697 486 3748 sunt
555 3702 726 3777 pnopmcr,
747 3705 758 3754 t
776 3709 806 3747 ex
825 3704 833 3752 l
853 3709 916 3748 corr.
935 3693 1023 3762 (rubro
1041 3694 1135 3762 colore)
1206 3695 1309 3775 iptio

207 3833 436 3910 accusasses
496 3851 512 3904 5
530 3784 774 3925 combinabo,
795 3847 872 3913 nnn
891 3849 937 3913 or)
952 3847 997 3902 lin.
1015 3846 1066 3901 cel.
1134 3849 1167 3904 13
1184 3855 1308 3929 passm

207 3960 409 4071 Nemsubm]
425 4001 479 4056 uida
496 4017 575 4070 supra
591 4002 632 4064 39,
646 4001 689 4064 13;
705 4002 748 4064 48,
759 4002 788 4063 73
805 4002 873 4064 50,2
891 3999 923 4053 aL
977 4001 1008 4055 17
1023 3991 1306 4077 memsunuodoe,

207 4116 218 4166 ε
235 4121 264 4159 cx
284 4105 367 4162 lfact.
703 4124 704 4127 ¹
