2812 4634
442 303 645 357 Priscilliani
667 305 828 356 tractatus
850 302 892 357 111
1034 276 1045 339 Ῐ
1185 287 1227 351 45
1321 332 1323 337 -

117 461 184 539 deo,
213 460 309 523 alium
335 476 396 523 non
419 448 553 529 habebat
575 458 636 523 nisi
660 457 823 540 profetiam
845 457 936 520 huius
958 462 1092 540 poneret,
1123 477 1225 546 quam,

118 563 146 626 si
166 581 239 626 uera
261 562 413 640 dicuntur,
435 561 581 650 canonica
602 560 667 647 ipse
690 560 877 637 ordinatione
899 559 908 643 d
930 559 1126 624 damnasset?
1161 560 1226 625 Aut
1249 567 1286 621 ou

35 719 37 722 .
117 666 257 743 tortassis
280 664 362 728 Enoc
391 665 509 747 profeta
535 681 602 726 esse
629 681 690 727 non
716 663 829 726 meruit
857 680 950 743 quem
971 662 1085 727 Paulus
1111 663 1143 726 in
1165 663 1228 744 epi·

118 768 201 830 stulu
222 767 260 830 ad
282 765 421 829 Hetreos
443 766 525 829 facta
554 769 638 829 ante
668 765 953 843 translationem
975 764 1227 829 testimonium

18 883 20 886 ·
90 869 293 933 statuisse
321 871 451 933 testatur
479 872 532 932 ant
559 886 650 948 quem
676 867 708 930 in
736 867 885 948 principio
911 867 1045 949 generis,
1074 885 1144 930 cum
1175 867 1227 929 ad-

116 972 178 1034 huc
201 970 308 1052 mundi
335 971 434 1034 forma
456 973 487 1034 et
516 968 626 1033 natura
654 969 738 1032 rudis
769 969 892 1047 saeculi,
922 972 1081 1050 peccatum
1109 954 1226 1050 decepti

116 1073 251 1137 hominis
274 1072 419 1152 retinens,
450 1073 585 1136 futuram
614 1071 845 1136 conuersionem
876 1070 913 1133 ad
943 1071 1034 1133 deum
1062 1073 1131 1151 post
1156 1089 1226 1152 pec-

116 1179 187 1239 cata
215 1193 276 1238 non
305 1175 454 1254 crederet,
488 1174 653 1238 mansferre
683 1174 762 1237 inter
793 1192 863 1236 suos
893 1167 967 1236 deus
996 1173 1106 1236 maluit
1134 1191 1226 1252 quam

115 1277 237 1360 perire?
272 1277 319 1340 De
349 1294 409 1357 quo
436 1277 462 1340 si
489 1295 550 1341 non
573 1275 739 1359 ambigitur
762 1279 793 1348 et
815 1275 959 1357 apostolis
987 1276 1118 1339 creditur
1147 1275 1226 1356 quod
1251 1314 1255 1320 »-

76 1394 104 1434 10
116 1380 237 1464 profeta
261 1383 318 1458 est,
347 1379 478 1461 qualiter
499 1379 683 1442 consultatio
711 1379 814 1460 potius
844 1395 936 1458 quam
965 1378 1126 1457 tumultus,
1155 1396 1226 1441 eon-

116 1482 222 1545 silium
244 1497 337 1563 quam
363 1483 529 1560 temeritas,
559 1469 634 1544 fides
658 1498 750 1562 quam
771 1480 898 1561 perfidis
918 1480 1038 1560 dicitur,
1068 1478 1130 1559 ubi,
1152 1481 1226 1543 dum
1283 1508 1285 1511 ·

116 1583 150 1652 iu
171 1583 327 1664 nltiolnem
357 1583 550 1648 simultatum
572 1583 727 1646 sententia
755 1582 899 1660 tenditur,
928 1582 1106 1676 praedicans
1135 1582 1226 1645 deum
1256 1612 1277 1626 2
1362 1574 1366 1579 ’

116 1685 267 1769 propheta
287 1686 471 1750 damnatur?
508 1686 573 1749 Aut
594 1684 743 1766 numquid
758 1684 796 1746 de
810 1682 982 1748 triuialibus
997 1683 1088 1746 rebus
1108 1683 1226 1765 agimus
1280 1768 1281 1772 Ἰ

117 1791 173 1851 aut
192 1787 250 1851 tuli
271 1791 301 1852 et
322 1790 456 1852 tesserae
478 1788 558 1852 inter
579 1804 690 1850 manus
712 1789 832 1850 nostras
856 1790 1003 1867 suntaut
1031 1803 1158 1863 scaenae
1179 1783 1226 1847 lu'·

77 1900 104 1944 '1⁶
118 1889 217 1954 dibria
245 1894 424 1971 tractamus,
453 1894 498 1970 nt,
528 1891 602 1954 dum
630 1889 771 1953 homines
800 1889 891 1952 huius
922 1883 1035 1951 saeculi
1061 1887 1225 1968 sequimur,

62 2063 65 2066 A
117 1992 324 2074 apostolomm
351 1992 434 2056 dicta
462 1992 665 2055 damnemus?
700 1989 767 2054 Aut
790 1981 868 2072 quae
891 1990 1120 2055 constituendae
1142 1988 1225 2071 pacis

117 2099 166 2158 est
197 2094 306 2178 gratia,
339 2092 515 2159 hominibus
546 2111 623 2174 quae
654 2093 807 2158 noluerint
836 2093 957 2159 eredere
985 2095 1017 2155 et
1045 2091 1127 2154 dicta
1156 2108 1227 2172 apo-

117 2197 225 2260 stoliea
253 2213 315 2260 non
343 2199 467 2261 tenere?
504 2195 563 2271 ¹Sed
591 2195 731 2278 fortassis
761 2194 871 2276 aliquis
894 2195 926 2258 in
947 2174 1028 2257 haec
1049 2193 1172 2276 ingenia
1193 2211 1226 2256 se
1297 2197 1299 2201 ’

74 2325 76 2328 ⁴
96 2298 220 2378 iactet,
241 2303 287 2379 ut,
310 2298 451 2380 quamuis
474 2298 567 2363 etiam
589 2316 686 2361 unum
709 2297 919 2361 testimoninm
934 2296 972 2359 ad
987 2294 1226 2359 confirmandam
1320 2318 1324 2330 ²

74 2415 104 2456 ω
118 2403 294 2466 sanctorum
314 2401 406 2465 iidem
427 2401 460 2464 in
483 2401 538 2464 deo
561 2401 673 2479 ualeat,
696 2395 905 2463 temendicat
926 2399 980 2462 uni
993 2398 1042 2462 rei
1052 2395 1061 2482 ΙΙ
1076 2415 1137 2462 non
1158 2415 1225 2460 esse
1248 2397 1295 2456 58'

117 2502 316 2584 eredendum,
353 2504 416 2567 sed
448 2503 485 2567 iu
522 2503 660 2566 duobus
695 2505 730 2565 et
764 2500 883 2565 tribus
916 2499 1076 2565 testibus
1110 2499 1225 2563 totius
1317 2536 1320 2546 =

116 2604 221 2669 uerbi
249 2609 420 2670 constare
449 2605 641 2669 rationem.
679 2604 845 2668 donnertat
873 2604 975 2685 itaque
1005 2600 1227 2683 sesequilibet
1269 2615 1271 2620 ·

117 2708 170 2788 qui
188 2706 363 2772 huiusmodi
378 2709 436 2788 est,
459 2710 490 2770 et
503 2711 607 2771 utrum
622 2725 695 2771 uere
710 2707 852 2785 dieamus
863 2705 993 2788 diligens
1008 2705 1227 2786 scripturarum

118 2812 268 2873 scrutator
289 2809 432 2890 inquirat.
471 2807 550 2889 Quid
580 2812 627 2873 est
652 2808 733 2889 qdod
747 2795 832 2872 'Tobi
854 2810 979 2873 sanctus
1001 2808 1122 2872 futurae
1144 2808 1227 2871 uitae

72 2925 103 2966 ὅ
119 2912 156 2975 ad
177 2911 276 2974 filium
302 2914 464 2994 praecepta
490 2911 665 2993 disponens,
695 2929 766 2974 cnm
795 2910 868 2992 quid
898 2910 1063 2974 custodiret
1085 2909 1226 2988 ediceret,

118 3015 174 3077 ait:
206 3018 270 3078 nos
292 3014 352 3076 fili
379 3013 642 3097 prophetarum
664 3031 803 3085 sumus3
832 3013 906 3097 Noe
927 3000 1072 3095 profeta
1092 3011 1166 3074 fnit
1192 3014 1227 3075 et

116 3114 482 3207 Abrahametdsac
515 3119 550 3179 et
583 3115 691 3178 Iacob
720 3101 761 3179 ¹et
793 3132 918 3179 omnes
950 3118 1075 3196 patres
1108 3113 1226 3177 nostri

127 3295 129 3299 ·
213 3303 233 3356 ⁴4
249 3300 328 3355 near.
347 3305 387 3365 11,
404 3305 427 3356 s.
480 3349 483 3355 ,
531 3304 562 3357 21
582 3274 659 3355 neno.
678 3304 717 3364 ne,
736 3284 780 3365 153
800 3271 1225 3383 naon.1e,1s;11.cer.'1e,1;

115 3387 137 3440 Ι.
149 3387 216 3440 Tim.
229 3389 254 3451 5,
267 3389 311 3448 19;
327 3386 359 3440 ci.
378 3384 448 3439 infra
464 3386 545 3440 Prisc.
565 3403 621 3442 can.
639 3386 725 3440 XLVI
746 3388 773 3439 et
794 3387 955 3456 Hieronymi
976 3402 1016 3454 ep.
1033 3389 1068 3439 27
1085 3385 1133 3450 (od
1149 3384 1225 3438 Mar·

115 3473 208 3528 ceilam
225 3494 256 3517 =
274 3471 363 3540 Migne
379 3474 422 3536 22,
433 3473 495 3540 432)
562 3474 596 3526 26
615 3470 715 3535 Toni,
728 3474 759 3527 13
777 3471 815 3538 (in
832 3470 918 3540 Itala).

145 3627 149 3632 ’
217 3619 248 3673 11
267 3618 402 3687 Hilarius,
414 3623 508 3673 contra
522 3617 707 3672 daemonium
723 3617 786 3684 tneo.
800 3634 820 3670 c.
834 3620 864 3670 6.·
884 3615 946 3670 Nou
960 3617 1000 3669 est
1010 3615 1082 3669 istud
1093 3615 1226 3668 minoritas

116 3702 161 3756 sed
171 3703 245 3767 fides,
263 3719 345 3771 neque
357 3702 558 3757 inconsideratio
570 3700 615 3754 sed
627 3701 804 3768 ratiofneque
814 3700 888 3753 furor
905 3699 950 3754 sed
967 3699 1076 3764 fiduciu3
1094 3729 1127 3739 -
1139 3715 1160 3753 c.
1178 3701 1225 3754 24:

118 3830 124 3841 .
138 3830 143 3841 .
156 3829 161 3840 .
174 3787 283 3856 perfidia
293 3803 347 3843 non
357 3786 422 3841 fides
434 3790 482 3842 est.
537 3789 568 3842 14
580 3785 628 3839 tali
640 3790 667 3840 et
678 3783 799 3854 mesenae]
812 3785 845 3839 ci.
858 3785 957 3853 Cicero,
970 3786 1001 3840 dc
1012 3802 1050 3840 or.
1062 3786 1225 3852 111,15,58‚·

117 3873 361 3941 decentet.16,58.

142 4024 174 4090 'a
193 4044 378 4117 fortassee
433 4037 463 4091 11
482 4017 846 4118 penfttraquamtttts
907 4036 939 4089 12
957 4024 1224 4094 sarantasmum

117 4157 307 4229 lacessens
338 4180 340 4184 Α
376 4136 714 4235 cesestqeuteetqe·
