2812 4634
201 281 243 344 50
655 294 860 348 Priscillioni

202 454 301 519 letam,
321 453 430 516 dixisse
452 455 591 514 testatur.
625 451 665 514 Et
686 469 757 514 cum
778 451 854 514 haec
876 454 958 514 recte
981 450 1020 514 ad
1041 449 1134 514 fidem
1156 451 1322 529 credimur,

203 555 315 618 scribta
330 555 405 617 haec
426 555 458 616 in
473 571 622 617 canonem
644 571 705 617 non
720 552 860 616 uidemus
883 556 914 615 et
929 552 1006 631 ideo,
1029 552 1055 615 si
1071 555 1155 619 extra
1169 571 1322 617 canonem

202 659 267 719 tota
281 655 454 733 damnanda
468 660 541 719 sunt
559 652 564 737 Ι
584 660 637 718 aut
658 649 787 735 qualiter
808 655 858 717 uel
874 655 1088 718 damnatorum
1109 655 1322 719 testimonium

203 759 355 840 recipitur,
377 759 426 821 uel
448 759 480 821 in
502 758 550 820 his
573 775 650 837 quae
672 757 785 820 scribta
806 761 879 820 sunt
900 756 1060 823 scribentis
1076 759 1242 821 auotoritas
1259 775 1322 821 non

203 865 332 924 tenetur.
378 860 426 923 Sic
448 860 576 939 denique
599 865 629 922 et
651 859 791 924 Ezechiel
812 860 932 940 profeta
953 860 1009 922 ait:
1041 860 1128 922 haec
1150 859 1239 938 dicit
1263 860 1350 923 do-s

205 964 321 1026 minus
353 963 395 1024 ad
425 961 501 1043 Gog
537 964 584 1025 ‘tu
614 980 651 1024 es
681 961 722 1024 de
744 979 811 1042 quo
841 962 986 1025 locutus
1017 980 1095 1024 sum
1124 962 1160 1025 in
1190 961 1321 1025 diebus

204 1066 365 1146 antiquis
395 1084 457 1146 por
492 1082 617 1128 manus
652 1082 841 1127 seruorum
875 1080 1034 1127 meorum
1070 1063 1307 1145 profetarum.

205 1166 300 1231 Credo
322 1168 402 1248 quod
425 1168 498 1230 dixit
520 1170 661 1229 nectam
683 1165 817 1247 perfidus
837 1166 913 1229 mihi
936 1184 1015 1243 sum,
1037 1171 1072 1228 ut
1088 1170 1146 1229 wcut
1166 1166 1321 1248 profetam

204 1270 327 1333 linxisse
343 1270 421 1350 quod
437 1269 546 1332 dixerit
561 1268 634 1332 deus
658 1272 711 1331 aut
726 1268 817 1330 deum
832 1268 996 1331 mentitum
1015 1267 1111 1330 fuisse
1125 1268 1319 1340 coufirmcm;

204 1373 257 1453 qui
278 1373 319 1436 sit
340 1375 444 1435 tamen
466 1373 516 1434 ille
538 1371 667 1452 profeta,
694 1383 861 1452 perquem
888 1371 945 1433 hoc
969 1370 1043 1432 deus
1064 1368 1183 1434 locutus
1206 1371 1257 1450 sit,
1287 1372 1318 1434 in
1336 1391 1361 1428 xo

204 1493 318 1538 canone
333 1493 394 1538 non
414 1474 502 1538 uideo
526 1477 565 1552 et,
589 1491 660 1537 cnm
682 1474 829 1536 dictorum
853 1472 1020 1536 habeamus
1043 1473 1145 1552 fidem,
1168 1473 1273 1537 scribti
1287 1475 1320 1537 in

143 1580 181 1631 65
205 1594 319 1640 canone
342 1594 402 1640 non
424 1574 608 1660 intulerimus
631 1578 795 1637 auctorem.
823 1573 872 1638 Sic
899 1579 929 1637 et
951 1576 983 1638 in
1004 1574 1089 1638 hhris
1111 1574 1320 1658 Paralipome-

203 1696 264 1741 non
290 1679 424 1742 Natham
453 1678 615 1760 profetam,
645 1675 776 1739 Achiam
806 1675 982 1756 Solonitam,
1012 1677 1143 1740 nisiones
1173 1671 1319 1756 laedam,

143 1855 145 1860 ¹
203 1780 298 1844 uerba
320 1781 381 1844 Zeu
410 1780 453 1843 lili
476 1780 580 1843 huani
606 1779 644 1842 ad
670 1779 762 1842 fidem
786 1780 851 1842 ueri
874 1784 904 1843 et
931 1798 1036 1843 eorum
1058 1798 1135 1861 quae
1157 1787 1321 1864 gesserunt

203 1884 415 1946 auctoritatem
437 1883 611 1945 inuenimns
639 1881 747 1959 edicta,
778 1882 896 1945 dicente
928 1883 1090 1964 scriptura:
1121 1885 1155 1946 et
1183 1883 1360 1965 reliquiis

203 2003 387 2048 sermones
410 1984 550 2047 losafat
570 1984 678 2065 primi
702 1987 736 2047 et
758 1985 953 2047 nouissimi
976 2001 1058 2047 ecce
1082 1980 1211 2049 scribti
1233 1990 1321 2049 sunt

203 2089 237 2150 in
265 2086 494 2150 sermonibus
518 2086 588 2149 Zeu
611 2086 672 2148 fili
693 2085 814 2149 Anani
836 2087 896 2166 qui
918 2086 1138 2167 perscrihsit
1163 2087 1200 2150 iu
1220 2087 1319 2153 libro

202 2207 306 2270 reges
322 2189 492 2267 Istrahel,
516 2189 641 2250 ethaeo
664 2188 777 2269 script-a
798 2189 829 2251 in
851 2187 936 2251 libris
953 2188 1078 2265 canonis
1099 2204 1161 2253 nou
1174 2189 1319 2272 legimus

202 2292 256 2354 sed.
275 2294 395 2371 recepta
410 2309 429 2353 a
443 2308 558 2353 canone
577 2290 814 2372 conprobamusr
840 2291 919 2355 sicut
941 2294 971 2354 et
992 2291 1034 2353 ibi
1050 2291 1105 2355 ait:
1129 2291 1164 2355 et
1184 2292 1321 2372 reliqui

203 2409 388 2456 sermones
416 2391 621 2456 Solomonis
651 2392 759 2474 primi
790 2397 825 2455 et
854 2393 1048 2463 nouissimi
1078 2411 1157 2463 ecce
1187 2395 1360 2459 scribtioo

203 2498 287 2558 sunt
315 2496 351 2557 in
373 2494 496 2557 uerbis
519 2494 659 2558 Nathae
688 2494 853 2576 profetae
884 2496 976 2558 etin
1005 2494 1128 2559 uerbis
1153 2492 1157 2575 ξ
1180 2493 1320 2560 Achiae

144 2674 146 2678 ι
203 2596 387 2660 Solonitae
418 2601 453 2659 et
481 2597 516 2659 in
546 2596 755 2660 uisionibus
777 2596 945 2676 Lcedam,
976 2615 1067 2679 quac
1096 2597 1247 2661 uidebat
1276 2599 1320 2662 de

202 2699 442 2762 Heiorobeam
457 2699 538 2762 filio
553 2698 582 2761 N
587 2697 685 2772 abat3
710 2699 829 2762 etitem
844 2697 901 2762 ibi:
925 2703 960 2762 et
974 2699 1109 2780 reliqui
1131 2719 1318 2764 sermones

202 2800 359 2864 ltoboam
375 2801 483 2881 primi
498 2804 534 2864 et
548 2801 744 2864 nouissimi
759 2817 879 2864 nonne
896 2802 1026 2883 scripti
1040 2806 1126 2865 sunt
1140 2799 1176 2864 ln
1191 2803 1319 2867 uerbis

202 2901 350 2966 Sameae
365 2903 529 2983 profetae
546 2906 580 2966 et
593 2903 704 2966 lldom
719 2902 880 2967 uidentis
904 2906 939 2966 ot
953 2920 1076 2967 omnes
1097 2907 1200 2967 actus
1216 2906 1317 2970 eius?
1332 2928 1358 2966 xi

203 3009 233 3067 ot
261 3005 335 3067 item
357 3004 412 3068 ibi:
442 3009 476 3067 et
498 3005 634 3084 reliqui
664 3023 848 3068 sermones
870 3005 1011 3069 Abdiae
1041 3010 1077 3069 et
1106 3010 1208 3071 actus
1239 3009 1318 3071 eius

202 3112 237 3170 et
259 3106 369 3169 uerba
391 3108 467 3170 eius
495 3107 634 3173 scribta
663 3109 747 3172 sunt
769 3107 805 3171 in
827 3108 920 3171 libro
943 3107 1053 3171 Fldom
1073 3109 1255 3191 profetaer
1286 3118 1319 3174 et

303 3262 318 3313 5
335 3249 426 3311 Erech.
439 3260 479 3320 38,
493 3261 532 3313 14.
546 3261 586 3313 17.
639 3261 671 3313 15
689 3258 724 3312 11.
737 3258 850 3326 Paralip.
864 3261 904 3320 20,
918 3261 959 3314 34.
1014 3262 1046 3314 19
1064 3258 1100 3312 11.
1111 3258 1224 3328 Paralip.
1238 3263 1262 3322 9,
1273 3264 1317 3316 211.

201 3345 234 3398 23
252 3342 287 3396 Π.
300 3343 412 3411 Pamlip.
426 3346 465 3403 12,
480 3346 519 3398 15.
588 3345 621 3397 26
638 3343 674 3396 ΙΙ.
686 3343 800 3412 Pamllp.
815 3347 854 3404 13,
867 3346 908 3398 22.

304 3484 316 3534 l
340 3482 476 3547 Boethius,
498 3477 935 3550 opoce.sacr.11,p.1or,o'4eu.
954 3481 1038 3550 Pcip.:
1060 3481 1131 3535 Haec
1153 3483 1176 3535 si
1197 3499 1225 3535 sc
1248 3491 1319 3538 recto

201 3568 228 3618 et
245 3581 274 3617 ex
292 3564 343 3617 lide
360 3565 459 3618 habent
472 3606 478 3619 .
492 3607 517 3618 ..

244 3704 257 3755 1
279 3691 468 3768 inibimus]
491 3702 672 3755 coniunctiuus
698 3704 792 3756 modus
815 3702 956 3757 desiderari
982 3703 1094 3767 uidetur,
1122 3703 1167 3758 sed
1191 3705 1224 3760 cf.
1243 3710 1316 3768 53.1

201 3805 218 3857 a
238 3803 492 3871 imrarooroem}
509 3803 561 3858 rud.
581 3820 659 3872 supra
675 3821 700 3873 p.
713 3808 784 3867 rur
882 3808 914 3860 13
937 3790 1079 3864 achrs'
1176 3795 1318 3868 luchs*

203 3960 234 4010 14
266 3914 424 4026 eeghum'
528 3960 559 4011 15
587 3967 815 4017 ΙΝυΕΝΙωυε
843 3958 942 4026 scripsi,
966 3958 1033 4012 cod:
1063 3950 1320 4039 11κ111εῐκ11111κῖ1111

200 4130 234 4182 aa
253 4105 356 4208 quae]
372 4128 410 4181 ita
428 4127 482 4180 coo.
552 4130 586 4182 23
604 4053 846 4190 etssila'hiilses
