2812 4634
537 299 696 351 tractatus
713 295 758 350 VI.
1092 329 1094 333 a
1163 278 1203 342 75

96 454 238 533 libertati,
262 453 335 516 (lum
351 452 450 516 aliud
464 451 663 516 secundum
678 452 850 534 spi-ritum
865 455 1081 533 promptum,
1105 451 1204 515 aliud
1299 472 1301 477 ·

96 557 293 620 secundum
316 573 424 618 carue
446 554 592 618 infirme
614 555 816 622 demonstrat:
841 553 883 617 sic
906 572 938 616 se
960 571 1014 634 pro
1030 553 1203 618 hominibus

94 659 264 740 patientem
279 658 416 740 intellegi
432 659 521 722 deum
542 656 684 730 uoluitin
699 673 798 735 carne,
819 661 862 735 ut,
878 657 905 720 si
920 675 1027 720 sensus
1042 661 1205 738 queaeratur

95 762 126 832 in
148 760 249 825 nobis:
273 778 352 823 unus
368 760 442 823 deus
466 763 523 839 est,
546 759 572 822 si
594 776 709 823 sermo:
732 776 811 823 nnus
834 762 881 822 est
896 757 1045 838 Christus,
1068 748 1094 821 si
1114 775 1203 840 opus:
1295 770 1297 773 ·

71 861 175 926 annus
190 862 288 942 Iesus,
312 862 338 925 si
353 864 463 925 natura
477 861 644 943 quaeritur:
664 857 669 944 Ι
688 859 768 934 filius
783 865 840 938 est,
860 860 890 923 si
911 860 1092 942 principium
1113 879 1205 942 quae-

95 951 186 1028 ritur:
209 966 296 1046 pater
318 964 436 1042 dicitur,
459 964 485 1028 si
507 968 658 1028 creatura:
689 963 837 1045 sapientia
859 966 916 1041 est,
939 963 965 1025 si
988 963 1204 1027 ministerium:

96 1067 234 1150 angelus,
257 1068 285 1130 si
299 1069 448 1150 potestas:
471 1066 572 1145 horno,
595 1067 622 1129 si
636 1065 785 1148 dignatio:
811 1064 891 1128 iilius
912 1065 1054 1145 hominis,
1077 1064 1205 1146 siquod

95 1169 213 1256 facturn
235 1174 283 1232 est
304 1156 365 1250 per
380 1169 481 1232 illum:
509 1169 573 1232 uita
595 1171 652 1247 est,
675 1167 802 1249 siquod
825 1171 910 1230 extra
930 1168 1032 1230 illurn:
1056 1168 1141 1246 nihil,
1163 1202 1206 1213 -

96 1273 148 1338 sic
162 1271 305 1334 uniuersa
328 1269 508 1352 disponens,
532 1274 575 1349 ut,
602 1287 673 1332 cum
695 1273 774 1332 unus
798 1271 880 1333 esset
900 1269 932 1335 in
955 1269 1027 1334 totis
1056 1288 1152 1332 uuum
1174 1268 1228 1333 in*x

56 1360 130 1437 rose
152 1374 259 1437 uolens
280 1373 446 1452 hominem,
470 1372 552 1436 aliud
573 1390 680 1455 genus,
697 1365 823 1454 perlecti
845 1371 944 1453 operis
967 1374 1118 1435 scrutator
1141 1372 1206 1435 eius

96 1476 210 1552 habere
232 1491 293 1539 nou
323 1477 436 1565 posset,
467 1475 526 1538 nisi
548 1478 583 1537 ιιι
604 1492 701 1538 unum
723 1492 794 1538 eum
823 1474 915 1536 deum
937 1474 1082 1553 crederet,
1113 1492 1206 1555 quem

96 1579 339 1659 omnipotentem
369 1578 403 1649 iu·
428 1596 461 1641 se
491 1576 571 1659 quod
598 1581 645 1640 est
668 1580 699 1640 et
720 1576 801 1657 quod
818 1576 931 1653 dicitur
952 1576 1112 1640 inueniret.
1142 1575 1207 1640 Nec

97 1681 180 1744 enirn
190 1673 315 1764 'putitatis
328 1663 479 1761 pertinere
491 1679 530 1742 ad
545 1672 763 1744 contumeliam
775 1697 866 1742 uerae
880 1678 1058 1759 diuinitatis,
1073 1680 1099 1742 si
1115 1695 1206 1742 eom·
1230 1683 1287 1738 101

96 1782 271 1846 mendans
291 1782 483 1845 caritatem
506 1771 607 1845 suam
629 1782 665 1844 in
687 1780 899 1846 nohisdeus
918 1784 949 1844 et
966 1781 1207 1867 infirmitates

56 1906 84 1947 rs
97 1889 243 1948 nostras
266 1900 329 1967 pro
351 1883 455 1948 nobis
477 1887 627 1967 portans
644 1884 686 1947 sic
697 1887 840 1947 terrenae
856 1883 1024 1947 natiuitatis
1039 1881 1208 1947 oblationes

97 1987 186 2069 petit,
217 1986 305 2050 utin
328 1987 411 2050 nullo
435 1985 658 2050 sesecundum
688 1984 794 2049 mundi
824 1985 996 2049 aelemenia
1024 1981 1209 2064 discerneirs,

96 2090 129 2153 in
152 2093 302 2169 quantum
325 2091 463 2152 terrenae
486 2088 597 2174 mentis
619 2089 760 2169 amplexu
782 2092 920 2169 potestas
942 2093 1082 2151 aeternae
1109 2087 1211 2151 infini-

98 2191 173 2255 tatis
189 2191 357 2268 excederet,
380 2189 589 2271 conprobaret,
612 2190 667 2254 sed
686 2194 721 2252 ut
742 2208 796 2272 per
818 2190 893 2252 haec
915 2189 1096 2272 intellegens
1119 2191 1211 2253 deum

97 2292 174 2366 fides
187 2298 330 2358 constans
343 2293 494 2375 captiosas
506 2291 613 2355 mundi
625 2297 656 2356 et
667 2292 821 2355 inutiles
833 2295 958 2374 respuat
972 2291 1210 2372 quaestiones

58 2400 131 2460 ιοιι
151 2391 354 2480 peceattnnr
378 2395 471 2475 quod
493 2396 530 2459 in
552 2400 677 2458 nostro
700 2393 848 2458 mortali
869 2412 1017 2476 corpore
1040 2397 1211 2476 operatur

99 2501 246 2580 agnoscat
262 2503 294 2561 ιι
314 2498 429 2580 ipsese
444 2498 534 2563 homo
550 2498 699 2576 diuidere,
720 2496 775 2561 deo
790 2497 822 2560 in
838 2516 871 2560 se
886 2501 996 2560 cuncta
1010 2499 1210 2576 monstrante,

203 2613 263 2670 lei.
275 2615 368 2668 March.
381 2617 422 2677 26,
434 2617 475 2671 41.
513 2617 544 2670 13
556 2615 631 2668 Rom.
644 2618 667 2677 5,
680 2617 704 2670 8.
742 2614 1088 2683 llinflrm.]lletth.8,1l.
1128 2617 1160 2669 19
1177 2612 1211 2668 cf.

99 2700 152 2754 Tit.
165 2703 189 2764 3,
202 2703 230 2764 9;
247 2700 283 2754 Π.
296 2695 364 2754 rim.
377 2703 401 2763 2,
413 2702 453 2755 28.
523 2703 557 2756 20
574 2699 721 2769 peccatum]
739 2698 772 2753 ci.
784 2700 860 2753 Rom.
873 2702 950 2762 6,‡l2.

144 2871 145 2874 ,
203 2815 235 2868 16
252 2813 387 2874 Hilarius,
406 2812 437 2865 dc
454 2813 515 2866 trin.
533 2810 711 2879 I,13:(fldes
729 2811 860 2877 constans)
879 2826 930 2864 non
948 2811 1091 2865 secundum
1108 2827 1213 2865 sensum

101 2898 248 2952 commnis
265 2895 456 2964 intellegentiae
475 2895 551 2950 deum
570 2896 684 2949 retinens
701 2911 783 2963 neque
800 2895 832 2948 de
844 2895 948 2950 Christo
966 2896 1109 2950 secundans
1121 2896 1214 2950 mundi

100 2985 229 3036 elerirenta
241 2981 387 3043 decernens,
406 2981 434 3034 in
450 2996 500 3048 quo
519 2981 665 3035 diuinitatis
682 2979 818 3050 plenitudo
836 2981 1003 3049 corporaliter
1020 2981 1157 3044 inhabitat,
1175 2987 1214 3046 ut,

101 3069 165 3121 dum
183 3067 299 3120 infinitas
322 3073 441 3119 aeternae
461 3066 490 3119 in
507 3083 536 3120 eo
555 3069 595 3119 est
611 3067 755 3134 potestatis,
780 3082 882 3119 omnem
905 3072 1020 3120 terrenae
1042 3067 1137 3121 mentis
1159 3083 1214 3120 am·

101 3154 213 3223 plexum
232 3157 346 3221 potestas
364 3156 482 3205 aeternas
500 3151 639 3205 infinitatis
657 3151 769 3204 excedat.
841 3155 872 3207 19
890 3153 963 3207 Ibid.
979 3154 1063 3222 poeto
1080 3155 1216 3222 superares:

101 3239 203 3307 respuit
220 3236 347 3306 captiosas
365 3240 392 3291 et
408 3237 514 3290 inutiles
531 3237 709 3306 philosophiae
727 3238 889 3304 quaestiones
907 3237 971 3291 fides
989 3242 1118 3292 constans.

148 3371 159 3421 1
181 3351 414 3446 Wm'D'wffir
430 3375 453 3446 p
471 3365 498 3418 in
516 3366 633 3433 margine
652 3381 721 3418 nran.
733 3365 754 3418 1.
824 3369 840 3420 2
859 3364 992 3434 caterae]
1013 3366 1066 3420 nid.
1088 3366 1214 3431 Roonsch,

102 3470 137 3525 lt.
157 3475 183 3523 et.
200 3467 277 3536 Ualg.
296 3483 321 3536 p.
334 3469 385 3523 408
403 3465 435 3519 at.
537 3453 815 3556 pecceslea,
837 3477 891 3527 res
908 3469 937 3521 in
953 3485 1049 3550 morawa
1067 3474 1152 3523 totum
1170 3485 1216 3522 uo-

103 3571 225 3626 cabulum
243 3571 270 3624 in
288 3585 378 3623 rasura
390 3576 472 3622 exstat
540 3578 556 3625 4
575 3570 640 3638 εει]
656 3569 727 3623 nolui
740 3575 841 3623 mutare
853 3572 881 3624 in
894 3571 1088 3626 coniunctiuurn
1101 3572 1215 3636 modurn,

104 3674 224 3744 quamuis
244 3683 283 3732 υῐ
300 3663 438 3740 praecedat
455 3675 498 3738 (an
515 3688 563 3740 pro
583 3682 622 3731 υῑ
639 3673 667 3725 in
685 3675 739 3727 ιι,3
757 3682 793 3733 et
810 3673 886 3726 scrib.
905 3673 971 3742 asti)
1041 3676 1073 3730 10
1090 3684 1216 3756 petest(

104 3761 297 3852 hidonem&
316 3775 387 3843 prior
405 3784 424 3831 ο
442 3774 469 3826 in
488 3767 816 3843 recompensantem
835 3791 923 3828 rursus
940 3774 985 3828 lin.
1005 3775 1068 3838 del.;
1086 3775 1171 3841 etta
1186 3780 1217 3833 16

107 3933 139 3986 rr
157 3884 491 4006 om'rerpoterossfms
513 3895 558 3980 nn
578 3926 625 3980 cer.
726 3930 757 3982 ra
777 3937 865 3988 ιιειιε
962 3932 992 3984 15
1011 3912 1217 3990 oculosos

101 4033 138 4090 '17
158 4015 341 4111 ample'xu]
357 4030 410 4111 nid.
429 4046 507 4106 supra
524 4032 565 4092 ιι,
578 4033 600 4084 9.
672 4040 914 4109 rreprnmrratrs
985 4035 1016 4088 18
1034 4015 1218 4094 exclhe'aet

108 4139 140 4192 no
158 4142 377 4215 qoesrrorees
461 4134 493 4186 ar
513 4114 785 4210 moresrnhro're,
810 4143 868 4190 aa
894 4134 922 4187 in
944 4134 1061 4202 margine
1082 4133 1134 4188 rust
1150 4145 1218 4195 aar
