2812 4634
587 248 750 338 tractatus
767 270 787 323 I.
1227 257 1243 318 l

127 425 269 492 uenisti
297 429 384 491 aete
415 424 741 508 tempnsperdere
767 429 858 490 nos?
902 425 988 507 Quod
1016 427 1083 493 ideo
1113 428 1245 510 positum

129 528 284 609 nouimus,
306 545 368 592 non
389 528 470 610 qnod
491 527 675 592 daemonnm
697 528 906 610 testimoninm
928 529 1002 594 dens
1020 531 1123 610 nodet,
1139 530 1193 593 sed
1212 534 1246 594 ut

129 629 272 697 homines
294 629 333 694 ad
354 630 521 714 imaginem
536 633 574 693 -et
596 630 825 695 similliudinem
841 631 889 694 dei
908 632 980 696 faeti
1002 631 1246 696 deterioribus

129 732 325 806 tormentis
352 731 618 815 obligarentur,
646 732 672 802 si
693 732 753 796 iste
774 733 938 813 nesoirent,
962 752 1039 815 quoe
1061 734 1153 797 etiam
1177 733 1248 797 dae·

101 850 240 903 smones
262 833 451 916 eonfitentur.
475 830 481 918 Ι
503 832 599 910 Nobis
625 837 728 900 entem
755 851 847 897 unns
869 834 956 898 deus
977 840 1095 917 pater,
1118 854 1158 899 er
1179 852 1247 918 qno

131 937 252 1000 omnis
273 925 393 1000 et‘nos
414 936 451 1000 in
473 936 562 1018 ipso,
585 939 620 1000 et
640 954 733 999 unus
756 935 922 1016 dominus
943 937 1047 1001 Iesus
1070 937 1247 1022 Christus,

131 1056 323 1121 perquem
345 1039 465 1109 omnia
487 1041 522 1102 et
543 1055 607 1101 nos
628 1057 691 1120 per
712 1039 840 1120 ipsum.
863 1039 913 1102 Ad
935 1056 1063 1120 qnorum
1086 1039 1247 1104 stultitiam

131 1139 304 1205 Nouatiana
318 1140 434 1207 moedit
452 1140 578 1222 heresis,
593 1141 680 1229 quasi
703 1157 775 1204 uero
794 1141 988 1205 crudescente
1008 1159 1129 1223 semper
1148 1160 1247 1207 erroro

131 1243 249 1326 peceati
275 1243 412 1325 repetitis
440 1241 676 1327 baptismatibus
704 1247 921 1326 purgarentur,
952 1261 1023 1307 enm
1052 1262 1160 1313 unum
1184 1242 1248 1307 ba·

92 1365 118 1402 ro
131 1346 267 1427 ptisme
287 1362 395 1422 unam
417 1344 530 1408 iidem
546 1362 657 1408 unum
676 1343 779 1408 deum
802 1345 966 1427 apostoliea
988 1345 1136 1427 seriptum
1154 1349 1248 1410 teste·

131 1453 185 1511 tnr
206 1450 236 1511 ot
257 1446 389 1511 sciamus
410 1449 556 1530 praeter
576 1446 612 1509 id
628 1464 737 1528 ¹quam
759 1446 852 1527 quod
877 1448 1169 1531 euangelinatum
1193 1453 1248 1512 est

132 1549 523 1632 nobisneeengelum
549 1549 591 1613 de
617 1550 730 1614 oaelis
756 1550 787 1613 si
815 1549 914 1613 aliud
941 1549 1072 1614 dixerit
1099 1549 1248 1613 audien·

133 1653 224 1719 dnm.
267 1650 331 1716 Nos
361 1639 472 1715 antem
493 1653 587 1716 semel
616 1649 762 1734 baptizoti
790 1652 822 1715 in
852 1649 972 1716 Christo
997 1653 1247 1734 relinquentes

133 1773 175 1825 ea
202 1771 291 1836 quae
311 1754 521 1836 praeterite
550 1753 699 1818 suntin
731 1754 854 1835 priore
882 1770 946 1817 nos
976 1753 1210 1818 extendentes
1239 1751 1248 1838 ll

92 1856 404 1940 nadprehondere
425 1857 592 1920 uolumus
619 1857 655 1920 in
681 1873 749 1937 qno
775 1854 993 1937 adprehensi
1016 1874 1151 1935 sumus,
1174 1873 1247 1937 quo·
1270 1865 1288 1917 o

134 1960 218 2034 niam
236 1963 358 2042 praeter
380 1977 476 2022 unum
499 1957 653 2023 Christum
673 1959 785 2022 lesum
810 1958 888 2039 uniti
912 1959 945 2022 in
970 1957 1030 2021 fide
1052 1959 1130 2022 aliut
1155 1949 1248 2040 quam

135 2063 225 2127 nnius
246 2061 438 2144 baptismatis
460 2061 644 2144 praesidinm
672 2078 733 2124 non
757 2060 922 2141 >habemns
940 2053 1079 2125 'seientes
1104 2062 1248 2142 quoniam

136 2165 302 2230 Christus
324 2164 425 2228 uenit
450 2163 629 2251 inoarne,
655 2167 695 2227 ut
722 2155 933 2246 peccatores
960 2163 1082 2227 saluos
1111 2163 1248 2228 iaceret

137 2270 167 2331 ot
187 2265 361 2348 redemptos
381 2267 414 2329 in
434 2283 500 2329 sese
518 2266 558 2330 ad
575 2266 716 2348 perennis
735 2265 816 2329 niteo
835 2265 974 2329 instituta
994 2269 1158 2349 repararet.
1191 2265 1250 2345 Qui

94 2372 239 2432 nantem
267 2371 377 2452 negat
401 2367 523 2446 Iesum
554 2367 738 2432 Christum
764 2368 800 2431 in
826 2386 971 2432 earnem
1000 2369 1160 2448 uenisse,
1190 2368 1248 2432 hio

136 2468 382 2534 antechristne
404 2473 511 2534 estet
537 2470 692 2552 perditio
719 2470 795 2533 eius
822 2487 892 2533 non
914 2470 1109 2540 indormiet
1130 2470 1250 2534 diaeum

136 2572 286 2655 apostolo:
307 2572 367 2653 qui
389 2575 497 2655 negat
518 2572 637 2635 filium
658 2591 723 2636 neo
744 2576 886 2654 patrem
908 2571 1029 2652 habet,
1049 2572 1109 2654 qui
1123 2576 1246 2638 ‚entem

136 2674 336 2752 sentiretur
356 2674 473 2739 filium
498 2678 533 2738 et
553 2674 677 2738 filium.
696 2678 731 2737 et
751 2678 890 2756 patrem
912 2673 1030 2739 habet.
1050 2673 1055 2758 Ι
1073 2673 1248 2738 Anethema

137 2780 240 2840 autem
259 2777 299 2840 sit
317 2775 453 2840 (lontrina
467 2774 708 2840 Nieholaitamm
729 2779 907 2858 partemque
928 2794 1000 2854 oum
1021 2774 1172 2841 Sodoma
1194 2777 1248 2841 ha·

95 2902 125 2943 ze
135 2879 208 2943 beat
229 2881 260 2941 et
280 2875 434 2942 Gomora
452 2878 577 2960 quisque
592 2877 714 2946 odibilia
729 2878 785 2941 deo
801 2878 958 2960 sacrilegia
976 2881 1029 2942 eut
1046 2879 1178 2944 instituit
1196 2882 1248 2942 aut

137 2979 289 3062 sequitur·
324 2979 498 3044 Anothema
528 2980 567 3042 sit
598 2981 650 3061 qni
678 2981 784 3062 legens
812 2979 927 3063 grifos
957 2980 1097 3061 aquilas
1126 2981 1248 3044 asinos
1344 3017 1345 3020 =

237 3149 299 3224 ties.
315 3148 395 3203 Hebr.
407 3152 446 3212 lo,
463 3152 496 3204 29
514 3153 541 3202 et
556 3149 636 3202 Prisc.
650 3164 705 3203 ean.
715 3148 832 3207 LXXIX.
903 3148 956 3216 51.
969 3147 1026 3204 Cor.
1039 3151 1062 3212 8,
1076 3151 1104 3211 ὃς
1121 3149 1155 3203 ei.
1165 3148 1247 3203 Prisc,

136 3249 192 3290 en.
202 3232 281 3291 xxv.
349 3233 449 3302 onpn.
467 3238 491 3296 4,
514 3237 537 3288 5.
616 3237 646 3289 11
666 3233 723 3288 oar.
744 3237 765 3295 1,
787 3237 810 3290 e.
829 3237 852 3288 o.
924 3235 956 3288 le
973 3231 1086 3302 Pompp.
1107 3236 1131 3296 e,
1149 3236 1188 3300 13.
1204 3237 1246 3303 12.

137 3323 171 3376 18
186 3319 209 3374 I.
221 3311 288 3391 'Iina
302 3324 325 3383 1.
339 3323 377 3376 15.
438 3322 472 3375 20
489 3319 521 3372 ol.
538 3319 559 3372 1.
576 3319 616 3379 Io,
632 3313 702 3394 222
721 3321 747 3372 ot
763 3317 844 3372 Prisc.
858 3333 912 3372 ean.
925 3315 1079 3371 LXXXVII.
1140 3321 1171 3374 21
1190 3335 1248 3387 por-

137 3405 215 3472 mdo]
230 3404 266 3460 Π.
284 3404 354 3462 Patr.
371 3407 394 3468 2,
412 3408 435 3461 8.
515 3407 548 3459 22
565 3399 730 3466 1.10.'2‚'23.
820 3406 853 3458 24
871 3403 904 3457 of.
921 3399 964 3456 Eo.
985 3406 1007 3466 1,
1025 3406 1054 3466 9;
1071 3404 1145 3458 Rom.
1158 3405 1247 3466 ’9,29.

136 3492 171 3545 26
188 3489 221 3544 οἱ
238 3490 298 3551 Isou.
322 3494 362 3555 ll,
381 3493 419 3546 13.
439 3493 484 3552 44;
506 3489 583 3543 Dent.
602 3493 641 3552 14,
660 3491 704 3551 123
722 3488 782 3557 Sep.
800 3485 840 3552 11,
857 3491 896 3544 16.
923 3562 926 3565 ¹

179 3628 195 3681 2
213 3616 462 3703 δΑεωοΝιυω,
479 3636 487 3683 r
502 3641 552 3678 res.
565 3625 627 3687 del.;
643 3625 676 3679 oi.
688 3625 758 3678 inira
768 3641 793 3693 p.
805 3628 845 3688 15,
854 3627 888 3708 Ι12
899 3627 926 3677 et
935 3624 1059 3693 Zingerle,
1070 3624 1174 3678 Wiener
1185 3623 1247 3679 Stu-

137 3726 370 3796 dienvm,p.341
422 3718 854 3804 ecaeoesceaemnaa.
908 3725 1246 3794 recurroepruoensm,

135 3828 170 3883 rs.
179 3828 302 3900 eanum,
312 3820 572 3899 prosae-mina
584 3829 602 3884 r.
610 3826 656 3884 ae
666 3826 863 3904 remorant
876 3829 926 3883 eoo
981 3831 1016 3896 oe
1032 3819 1239 3905 anathema

136 3930 173 3984 ita
184 3906 294 3988 codex*
367 3933 400 4000 24
427 3914 632 3992 nectareae
770 3933 804 3986 25
831 3930 992 4013 quisque]
1012 3929 1084 3984 nom
1101 3934 1202 3986 mnae
1219 3929 1247 3982 m

137 4040 303 4114 qorsqurs
371 4035 405 4088 ao
420 4023 629 4096 umerorum
697 4014 981 4103 ieeemslposaooa
994 4026 1246 4085 uerouninuarsus

135 4133 187 4188 flue
204 4134 320 4203 positum
342 4134 465 4189 excidisse
486 4135 622 4205 suspioeris
644 4142 867 4212 scutetum,
891 4132 924 4187 oi.
941 4148 1021 4202 supra
1036 4148 1061 4201 p.
1080 4136 1103 4196 5,
1122 4134 1145 4187 6.
