2812 4634
193 256 248 319 40‘
645 268 850 323 Priscilliani

80 442 81 445 ’
104 479 105 484 ,
137 444 139 447 ·
192 427 274 492 Hinc
293 444 347 491 nos
370 425 512 490 conuerti
527 425 635 488 damus
656 425 694 488 ad
707 424 867 507 Hyginum
886 429 917 490 et
931 422 1125 509 Symposion
1147 428 1306 509 episcopos

83 535 84 540 ’
193 546 323 611 quorum
352 529 449 592 uitam
475 528 541 609 ipse
567 526 682 591 nouisti
708 526 883 590 huiusmodi
909 527 1041 591 litteras:
1071 529 1175 593 omnia
1202 529 1306 594 subito

189 631 289 695 luisse
311 630 447 703 turbata3
470 629 622 711 prouideri
643 632 790 711 oportere,
813 628 943 709 qualiter
963 621 1141 694 eclesiarum
1159 649 1218 719 pax
1232 649 1306 696 con·

192 733 292 815 posita
306 732 438 796 duraret.
462 730 657 796 Rescribtum
672 734 728 810 est,
751 735 786 794 ut
800 730 902 794 uerbis
921 730 996 812 ipsis
1011 732 1185 813 loquamur:
1206 752 1305 814 quan-

126 840 169 897 49
193 840 261 902 tum
287 835 326 899 ad
351 835 445 898 laicos
466 831 476 919 ll
500 834 680 916 pertineret,
707 832 734 896 sl
759 831 820 896 illis
847 837 1007 915 suspectus
1033 833 1184 915 Hydatius
1211 840 1330 916 esseto

154 936 347 1021 peameca
372 936 453 1017 apud
479 953 534 999 nos
561 935 625 1000 sola
651 935 687 998 de
714 934 864 998 catholica
888 936 1074 1017 professione
1100 937 1238 1012 testatim
1264 939 1304 1002 da
1392 981 1394 984 -

192 1040 307 1120 reliquo
329 1038 464 1103 dandum
485 1054 539 1118 pro
561 1037 740 1101 eclesiarum
761 1054 836 1118 pace
858 1037 1033 1112 concilium;
1057 1038 1177 1104 nullum
1198 1044 1304 1104 autem

193 1142 225 1204 in
248 1140 531 1223 Caesaraugustam
554 1138 690 1221 synhodo
714 1139 809 1202 fuisse
831 1139 1028 1219 damnatum„
1050 1139 1130 1220 Quis
1147 1159 1204 1204 non
1230 1161 1303 1206 con-

193 1241 400 1309 sacerdotibus
425 1241 574 1320 crederet,
600 1241 780 1323 praesertim
805 1257 876 1304 cum
902 1243 933 1305 in
961 1243 1067 1306 eadem
1093 1243 1227 1324 synbodo
1253 1246 1303 1308 uir

193 1344 352 1428 religiosus
384 1343 436 1424 qui
465 1343 541 1407 haec
570 1341 722 1411 scribebat
751 1341 928 1425 symposius
957 1343 1125 1408 adfuisset?
1156 1344 1301 1427 Cepimus
1315 1370 1343 1410 aa

193 1449 296 1519 tamen
319 1447 398 1509 inter
421 1446 481 1508 ista
500 1445 670 1533 consilium,
693 1449 727 1508 ut
749 1448 856 1509 euntes
880 1444 917 1508 ad
936 1444 1204 1510 Hemeretensium
1225 1449 1302 1512 cini-

96 1630 98 1635 ,
193 1551 290 1612 tatem
311 1551 487 1630 praesentes
509 1547 569 1629 ipsi
590 1546 762 1610 uideremus
785 1546 963 1629 Hydatium,
985 1543 989 1632 i
1017 1548 1100 1630 pacis
1122 1544 1223 1630 potius
1244 1550 1302 1614 deo

193 1652 272 1727 teste
294 1667 386 1730 quam
408 1649 611 1713 contentionis
638 1652 784 1713 auctores.
816 1647 847 1712 Si
869 1649 951 1712 enim
978 1649 1089 1713 iniuria
1111 1652 1142 1714 et
1164 1669 1225 1714 non
1246 1648 1302 1715 ob·

193 1752 333 1833 sequium
362 1751 420 1815 fuit
448 1751 604 1817 consulere
634 1751 735 1832 potius
752 1749 958 1832 ‘praesentem
988 1754 1145 1831 tamquam
1174 1753 1302 1839 damam

193 1853 272 1916 uelle
294 1870 386 1935 quam
409 1853 494 1916 uelut
515 1869 602 1916 reum
625 1870 759 1931 euocare,
781 1853 826 1914 rei
842 1870 961 1926 sumus3
986 1853 1034 1916 sin
1048 1870 1120 1917 uero
1142 1854 1301 1920 uenientes
1315 1877 1343 1917 rs

193 1957 224 2018 et
248 1954 453 2037 ingredientes
481 1954 513 2018 in
542 1953 685 2018 eclesiam
715 1953 813 2017 turbis
843 1958 874 2017 et
902 1954 1021 2036 populis
1051 1955 1210 2019 concitatis
1238 1954 1302 2025 non

193 2055 293 2129 solum
310 2056 344 2120 in
364 2055 607 2138 praesbyterium
629 2073 689 2127 non
712 2056 847 2135 admissi,
871 2056 1039 2137 sedetiam
1059 2056 1172 2122 adflicti
1194 2058 1302 2122 uerbe-

191 2157 276 2231 ribus
299 2176 415 2237 sumus,
438 2152 583 2238 putamus
604 2157 782 2233 caedentem
808 2158 909 2239 potius
931 2157 1076 2222 iniuriam
1097 2158 1216 2240 iecisse,
1238 2178 1302 2225 non

21 2242 23 2247 ¹
73 2319 75 2323 ,
131 2266 170 2321 50
193 2277 305 2323 caesos.
342 2259 406 2324 Nos
435 2263 539 2324 mmen
571 2258 682 2341 quibus
712 2259 794 2323 cordi
819 2277 877 2342 per
907 2264 972 2323 erat
998 2261 1180 2344 accipientes
1201 2258 1211 2348 ΙΙ
1231 2281 1302 2345 pro-

192 2359 356 2432 fessionem
389 2362 549 2445 laicorum,
585 2378 678 2443 quam
710 2359 885 2442 reprobare,
921 2362 993 2442 quia
1025 2349 1107 2426 esset
1139 2363 1300 2445 catholica,
1314 2389 1344 2428 ae

192 2481 253 2527 non
282 2468 470 2546 poteramus,
505 2463 543 2526 ad
578 2479 683 2527 omnes
717 2479 817 2546 prope·
839 2464 1031 2545 coepiscopos
1061 2467 1195 2544 nostros,
1225 2467 1301 2547 quid

127 2567 129 2572 '
193 2565 388 2639 sacerdotalis
402 2564 573 2629 reuerentia
590 2583 681 2647 pessa
696 2565 816 2643 fuisset,
839 2566 1017 2629 scribsimus
1032 2567 1190 2633 mittentes
1206 2568 1301 2633 etiam

192 2671 279 2749 gesta
304 2684 410 2731 rerum
439 2673 470 2730 et
498 2667 589 2730 fidem
617 2666 840 2749 professionum
870 2686 926 2732 nec
955 2667 1024 2731 hoc¹
1043 2672 1189 2749 tacentes,
1219 2672 1301 2750 qnod

192 2770 281 2835 multi
303 2789 339 2832 ex
353 2769 402 2832 his
424 2775 494 2851 post
515 2770 734 2851 professionem
756 2769 794 2832 ad
816 2771 1018 2833 sacerdotium
1033 2775 1216 2854 peterentur.
1240 2773 1300 2837 Re·

187 2871 334 2935 scribitur
348 2872 387 2934 ad
401 2887 456 2934 nos
479 2871 613 2934 dandum
629 2890 719 2953 super
740 2873 800 2934 iste
814 2872 990 2941 concilium:
1013 2873 1196 2936 credendum
1208 2874 1300 2938 habi·
1313 2895 1339 2936 se

191 2977 241 3036 tae
262 2973 443 3055 professioni
469 2976 500 3036 et
522 2974 601 3036 sicut
627 2972 848 3037 dedicationem
871 2974 1035 3037 sacerdotis
1061 2975 1094 3038 in
1116 2974 1299 3061 sacenldote,

192 3075 236 3138 sic
262 3075 441 3138 electionem
468 3076 633 3138 consistere
658 3076 813 3157 petitionis
834 3075 893 3158 (in)
918 3075 1015 3157 plebe.
1048 3076 1128 3140 Hinc
1155 3077 1207 3140 ille
1228 3079 1298 3160 plus

192 3194 285 3257 quem
311 3174 470 3258 oportebat
499 3177 610 3240 timens
640 3177 802 3241 concinnat
828 3195 932 3258 preces
959 3178 1036 3241 falso
1067 3182 1098 3242 et
1123 3180 1167 3243 rei
1192 3181 1298 3262 gestae

190 3277 327 3341 tabulam
350 3283 454 3341 texens
469 3277 669 3341 dissimulatis
692 3277 867 3341 nominibus
890 3279 1003 3342 nostris
1021 3280 1204 3344 rescribtum
1226 3298 1298 3346 con·

189 3386 239 3469 ¹tra
257 3379 528 3462 pseudoepiscopos
551 3385 582 3442 et
596 3378 792 3442 Manichacus
814 3380 892 3461 petit
914 3366 945 3443 et
964 3382 1132 3444 necessario
1155 3383 1335 3464 inpetrata

242 3621 258 3673 6
276 3617 483 3698 ευῇινίεκεῐ]
499 3615 622 3669 infinitiui
640 3616 695 3668 loco
712 3617 799 3684 posuit
816 3617 1010 3671 conirmctiuum
1030 3593 1032 3598 '
1091 3621 1124 3675 14
1141 3577 1296 3704 thuam

185 3775 223 3825 ¹15
247 3730 416 3830 aasabim
514 3772 545 3825 17
569 3728 800 3846 volatilibus,
826 3780 847 3828 υ
871 3770 907 3836 (in
927 3772 1016 3837 uetat)
1037 3772 1082 3826 liu.
1105 3775 1225 3841 pertenui
1247 3775 1295 3835 del

190 3894 224 3946 26
246 3882 455 3951 ΞΑΕΕκδοῐΕΞ
524 3890 556 3943 27
577 3899 620 3947 ΙΝ
640 3888 713 3942 deest
723 3888 751 3942 in
763 3887 863 3951 codice;
876 3905 891 3941 a
902 3884 1093 3974 acerboplffle
1108 3893 1201 3962 incipit
1213 3907 1295 3949 nouus

189 4027 279 4083 uersus
347 4013 379 4065 29
396 3991 536 4079 ῑεΙςεΝδ
554 4007 609 4076 (sed
621 4008 655 4062 cf.
668 4023 688 4061 e.
700 4023 726 4076 g.
739 4011 860 4078 Aepoaat,
873 4027 893 4062 o.
908 4010 990 4064 Prisc
1003 4017 1026 4064 et
1042 4011 1197 4082 Ota'p.,c.1:
1216 4029 1297 4082 neque

189 4113 233 4166 isti
250 4112 388 4166 inueniunt
404 4110 472 4163 uode
490 4127 548 4163 suas
566 4109 667 4163 fabulas
685 4114 784 4172 texant;
806 4111 886 4178 Oros,
905 4100 966 4166 sida.
981 4130 1045 4182 pap.
1064 4115 1140 4182 Lao,
1152 4119 1186 4169 19
1319 4105 1321 4110 ¹
