2812 4634
634 281 798 333 tractatus
815 279 851 333 Π.
1259 270 1299 332 39

181 455 250 517 que
273 453 362 518 quoe
382 435 536 520 interra
557 435 725 500 deorsum
747 453 864 518 noque
886 433 1005 520 (quae)
1027 438 1092 502 sub
1116 441 1218 522 aquis
1241 461 1298 505 ne·

182 557 250 619 que
277 555 369 619 quae
395 536 462 602 suh
488 541 595 603 terra
627 536 702 618 Quis
729 537 818 602 uellit
843 537 1086 603 Nouatianorum
1111 539 1299 624 baptismata

181 641 328 723 repetita,
362 649 433 704 cum¹
467 638 617 704 soribtum
645 640 703 705 eit:
739 658 811 705 una
843 639 939 704 fides
972 659 1081 704 unuin
1114 642 1298 725 baptisma

182 761 275 806 unus
302 743 398 806 deus.
428 740 566 822 Quarum
591 745 696 818 tumen
724 746 877 806 sectarum
903 742 1116 808 infelicitatem
1142 748 1220 809 teste
1242 746 1296 808 deo

157 845 307 910 consisto
329 844 402 927 quio
423 862 459 908 ex
479 842 593 909 fabulis
615 845 711 928 uulgi,
735 862 796 909 non
819 862 855 909 ex
876 845 981 927 aliqua
1002 847 1205 910 contentionis
1226 866 1297 912 oon·

182 948 298 1012 latione
314 943 540 1032 cognoluimus
563 947 636 1029 quia
657 965 737 1012 cum
759 947 817 1012 his
839 947 890 1012 uel
911 948 1150 1013 contendisse
1172 968 1296 1032 peccare

182 1055 243 1130 est,
255 1067 354 1113 unum
368 1049 427 1114 hoc
441 1049 573 1114 scientes
593 1050 674 1132 quod
690 1049 742 1132 qui
762 1048 822 1113 sibi
843 1054 996 1114 sectarum
1015 1068 1125 1115 nomen
1147 1052 1297 1134 inponunt

183 1152 351 1218 Christiani
369 1168 482 1216 nomen
497 1152 659 1217 amittunt:
682 1152 762 1216 inter
777 1170 854 1234 quae
877 1157 981 1217 tamen
995 1153 1099 1216 omnia
1113 1153 1296 1234 Manicaeos,

183 1256 246 1318 iam
267 1272 330 1319 non
351 1254 516 1335 hereticos,
540 1254 594 1318 eod
616 1254 793 1319 idololatras
816 1258 848 1319 et
870 1253 1024 1318 maleficos
1047 1272 1151 1319 seruos
1166 1254 1244 1320 Solis
1266 1261 1297 1321 et

152 1371 174 1410 ιι
184 1357 299 1437 Lunae,
327 1356 507 1422 inuictiacos
534 1357 697 1421 daemones
727 1375 798 1424 cum
829 1356 971 1421 omnibus
1001 1356 1175 1421 auctoribus
1205 1360 1296 1424 sectis

185 1456 320 1524 moribus
352 1459 503 1524 institutis
533 1457 621 1523 libris
652 1458 827 1524 doctoribus
856 1459 1075 1542 discipulisque
1104 1460 1295 1541 damnamus,

185 1562 318 1644 quiade
347 1561 396 1626 his
425 1560 575 1626 scribtum
603 1565 669 1626 est:
699 1580 779 1626 cum
807 1563 875 1626 tali
905 1581 969 1626 nec
999 1562 1142 1644 quidem
1174 1561 1296 1626 cibum

186 1683 334 1729 sumere.
356 1663 454 1728 Nobis
475 1664 558 1729 enim
573 1663 714 1729 Christus
734 1664 809 1728 deus
824 1663 874 1728 dei
893 1663 975 1727 filius
994 1681 1103 1746 passus
1122 1663 1154 1728 in
1173 1682 1296 1728 carnem

187 1767 353 1830 secundnm
374 1765 467 1832 fidem
493 1765 625 1849 symboli
650 1766 814 1849 baptizatis
842 1770 873 1829 et
899 1766 1004 1830 electis
1031 1766 1069 1829 ad
1095 1767 1295 1830 sacerdotium

154 1868 216 1932 uin
230 1869 355 1933 nomine
369 1869 466 1951 patris
487 1872 519 1933 et
540 1867 585 1932 lili
607 1862 639 1933 et
660 1869 786 1952 spiritus
810 1869 910 1933 sancti
931 1871 997 1932 tota
1018 1868 1103 1948 fides,
1118 1865 1128 1954 ll
1142 1872 1207 1932 tota
1222 1869 1295 1949 uita,

186 1975 248 2034 tota
269 1971 427 2036 ueneratio
449 1973 505 2035 est.

224 2073 261 2136 In
283 2073 342 2137 hac
360 2091 433 2158 ergo
454 2073 584 2138 denote
606 2073 678 2138 fidei
705 2079 735 2139 et
757 2075 789 2139 in
816 2075 874 2139 hac
897 2074 1094 2157 simplicitate
1120 2075 1296 2140 uiuentibus

185 2174 271 2239 nobis
294 2193 313 2239 a
335 2175 620 2260 caesueugustana
642 2177 780 2259 syuhodo
801 2177 955 2259 Hydatius
976 2177 1065 2257 redit,
1093 2177 1170 2241 nihil
1192 2180 1297 2241 contra

186 2296 238 2342 nos
252 2279 398 2358 reterens,
421 2279 532 2362 ¹quippe
547 2296 622 2361 quos
642 2280 753 2362 etipse
772 2280 805 2343 in
821 2279 940 2343 eclesiis
955 2279 1068 2343 nostris
1084 2297 1188 2343 secum
1203 2279 1297 2343 etiam

123 2381 443 2445 ²‹loommunicantes
466 2380 631 2446 demiserat
658 2385 689 2445 et
711 2398 786 2463 quos
814 2398 903 2445 nemo
926 2399 983 2444 nec
1009 2380 1151 2444 absentes
1174 2381 1298 2462 quidem

183 2485 380 2570 praesumpta
401 2483 595 2547 accusatione
610 2483 818 2548 damnauerat.
843 2483 902 2548 Sed
917 2486 952 2547 ut
974 2483 1052 2547 sciat
1074 2500 1184 2548 corona
1205 2501 1298 2546 uene-

183 2584 346 2649 rabilitatis
369 2588 454 2666 tuae,
476 2584 558 2649 unde
580 2586 848 2650 excandescentiae
871 2586 936 2648 eins
960 2586 1058 2664 dolor,
1086 2585 1165 2648 unde
1187 2583 1298 2648 debac-

183 2705 256 2751 cans
271 2690 336 2751 toln
357 2685 430 2751 orbe
445 2687 540 2751 etiam
553 2688 586 2751 in
602 2688 729 2752 eclesias
745 2689 828 2750 furor
843 2688 949 2751 fuerit:
971 2704 1114 2752 reuersus
1129 2705 1145 2750 e
1162 2687 1297 2768 synhodo

183 2793 213 2854 et
231 2789 265 2853 in
287 2788 520 2856 mediaaeclesio
542 2790 650 2854 sedens
673 2809 742 2853 reus
763 2808 781 2853 a
799 2789 976 2872 presbytero
999 2807 1054 2854 suo
1077 2790 1153 2853 actis
1173 2790 1297 2853 eclesia-

134 2904 172 2948 8
183 2892 267 2956 sticis
288 2880 424 2974 petitura
441 2893 530 2957 datur
553 2894 647 2957 etiam
668 2896 739 2975 post
757 2892 762 2976 Ι
781 2892 846 2956 dies
868 2909 980 2976 paruos
995 2893 1028 2957 in
1043 2893 1162 2956 eclesiis
1185 2894 1296 2956 nostris

183 2993 399 3078 aquibusdam
416 2994 540 3061 libellus
561 2999 593 3060 at
612 2995 762 3059 deteriora
781 3013 874 3077 quam
894 2996 978 3077 prius
999 2993 1227 3078 apraesbytero
1243 2995 1297 3058 ob-

182 3095 260 3161 iecta
280 3097 404 3160 fuerant
424 3095 636 3180 obponuntur3
665 3103 828 3181 segregant
851 3115 883 3160 se
906 3097 944 3161 de
966 3099 1082 3161 clericis
1105 3098 1201 3178 ipsius
1229 3097 1297 3178 plu-

182 3199 259 3277 rimi,
280 3198 457 3281 profitentes
477 3217 539 3264 non
558 3200 618 3263 nisi
637 3205 767 3282 purgato
788 3199 936 3263 sacerdoti
956 3217 990 3262 se
1008 3200 1295 3274 communicaturos.

281 3371 298 3422 3
314 3368 380 3437 Eplt.
398 3372 423 3432 4,
441 3372 464 3424 5.
535 3372 551 3423 6
569 3368 791 3432 cl.Prouerb.24‚
806 3371 844 3423 19.
916 3371 947 3424 l‘l
965 3369 986 3422 Ι.
1006 3368 1063 3423 Cor.
1082 3372 1106 3431 5,
1126 3372 1165 3424 11.

280 3507 314 3560 24
332 3503 364 3565 cf.
383 3503 519 3575 Hiloaaoa
538 3507 570 3561 de
587 3508 649 3560 trin.
664 3506 713 3572 IV,
728 3509 769 3560 12.-
790 3503 877 3558 media
896 3505 925 3558 in
947 3506 1054 3559 ecclesia
1077 3514 1103 3558 et
1125 3506 1152 3559 in
1175 3521 1296 3560 consessu

178 3589 300 3651 frat-rum,
317 3587 370 3651 uid.
389 3590 467 3643 etiam
485 3595 520 3644 13
537 3595 564 3643 et
585 3592 632 3658 VI,
650 3596 674 3644 ὁ.
692 3595 716 3644 6.

230 3748 244 3799 l
273 3753 368 3824 quae
385 3747 455 3808 (ano
474 3736 551 3810 svo)
573 3745 646 3797 deest
666 3744 693 3796 in
716 3744 810 3806 codice,
835 3744 879 3797 sed
898 3748 981 3798 exstat
1002 3744 1156 3798 antecedens
1174 3760 1222 3797 uox
1242 3754 1296 3805 Νε

178 3855 248 3926 que
275 3844 302 3899 in
320 3861 409 3903 uersus
426 3845 479 3899 line
552 3848 569 3901 2
594 3839 702 3914 υεΙΙιτ]
724 3845 835 3898 scribere
856 3840 943 3906 υΕΙιῐ
966 3862 1017 3900 ιιοιι
1040 3848 1125 3915 placet
1200 3851 1231 3901 lo
1250 3857 1294 3903 ΙΝ

181 3948 364 4017 Ultimos]
379 3947 552 4017 legendumne
573 3948 810 4008 thlecllcloS‘?
910 3952 942 4005 13
962 3935 1140 4015 eddadem]
1160 3946 1213 4000 uid.
1232 3962 1296 4014 quae

181 4050 211 4101 de
227 4049 278 4103 litt.
291 4050 319 4103 M
336 4051 476 4120 parasitica
493 4051 545 4104 dixi
558 4051 585 4103 in
604 4052 772 4119 praelationis
791 4052 873 4119 eapite
892 4051 920 4104 Il
972 4053 1005 4105 24
1023 4050 1050 4103 F.
1064 4049 1141 4104 Locis
1158 4050 1185 4102 in
1198 4039 1295 4101 ‘Theol

182 4132 421 4204 literatumeitnng’
440 4135 490 4203 (ed.
503 4136 635 4204 Hernack)
655 4139 727 4199 1886,
747 4136 794 4189 col.
808 4139 857 4191 395
876 4136 987 4188 coniecit
1005 4132 1179 4203 'presbyterio'
