2812 4634
145 293 223 352 XXX

146 461 226 525 tiens
249 461 480 542 comprehendit
501 457 543 541 (8.
565 458 712 543 Ρο0100>’,
740 460 837 524 etita
864 460 1029 542 incipiunt:
1058 461 1113 524 ‘De
1136 462 1260 525 domino

145 563 216 627 Iesu
243 563 374 643 Christo,
404 563 485 645 quod
514 566 561 626 est
590 563 674 642 deus,
706 560 1048 641 0111010240149,
1079 564 1260 646 011Ρ1111ρ-

144 685 254 749 penses
279 666 307 745 1,
329 665 369 729 ad
383 666 487 729 'litum
505 665 536 744 4,
560 666 598 729 ad
620 664 714 728 Hebr.
735 663 774 728 2³.
807 702 845 711 --
877 664 957 744 Quid
978 667 1101 743 mirum,
1124 667 1205 746 quod
1228 670 1260 730 01

146 768 197 832 alii
219 769 277 831 uiri
299 767 495 836 ecclesiastici
518 767 611 831 simili
634 766 733 847 modo,
756 785 815 848 quo
831 767 1000 849 Cyprianus
1020 771 1051 830 et
1065 768 1259 850 Augustinus

146 871 262 937 maiora
283 888 376 954 opera
399 870 662 934 ‘testimoniorum'
686 873 716 933 et
738 870 872 952 ‘speculi'
896 870 1153 952 conscripserant,
1176 888 1260 934 com,-

145 974 296 1055 prebensa
323 974 486 1037 uoluerunt
514 973 714 1054 epistularum
743 968 942 1036 Paulinamm
971 973 1089 1036 lumina
1117 976 1148 1037 et
1175 974 1263 1037 locos

145 1076 329 1158 parallelos?
380 1074 527 1140 Omnium
556 1077 677 1152 antem,
711 1074 764 1154 qni
797 1074 830 1137 in
864 1074 935 1138 orbe
969 1074 1149 1139 occidentali
1182 1076 1259 1140 diui*

146 1179 252 1243 dendis
275 1181 306 1242 et
328 1178 360 1241 in
382 1178 596 1260 compendium
618 1177 791 1260 redigendis
815 1177 953 1259 epistulis
975 1178 1111 1242 Paulinis
1134 1197 1259 1260 operam

146 1283 302 1360 dederunt,
321 1281 437 1363 primus
454 1281 548 1344 fuisse
563 1281 682 1344 uidetur
697 1279 922 1344 Priscillianus:
946 1298 1044 1362 neque
1063 1283 1260 1346 consentiunt

147 1386 211 1448 eius
240 1402 371 1448 canones
400 1401 470 1446 oum
497 1401 533 1447 ea
558 1386 658 1446 tentus
683 1382 860 1446 Euthaliani
890 1383 1047 1463 diuisione,
1076 1403 1168 1465 qnam
1198 1385 1263 1449 for·
1304 1422 1306 1430 =

146 1490 228 1551 tasse
251 1490 322 1550 ante
345 1505 460 1550 annum
482 1483 544 1547 396
566 1486 681 1549 factam
703 1503 770 1549 esse
793 1485 904 1549 conicit
925 1485 1070 1569 Gregmg
1090 1488 1204 1570 proleg.
1221 1488 1263 1551 ad

146 1589 365 1654 'Iisehendortii
388 1590 433 1652 ed.
449 1588 525 1652 VIII
546 1606 616 1652 nou.
641 1591 709 1652 test.
733 1607 763 1670 p.
781 1586 859 1662 1593
882 1588 934 1671 (cf.
950 1588 1059 1668 Reuss,
1075 1589 1132 1652 Die
1148 1588 1257 1655 Geseh.
1291 1651 1294 1657 .

147 1693 199 1757 der
221 1692 290 1756 heil.
311 1690 464 1755 Schriften
486 1710 586 1755 neuen
608 1691 715 1755 Γ1001.5
736 1691 768 1754 11
790 1710 819 1772 p.
838 1690 929 1773 115);
956 1691 1132 1755 Theodorus
1156 1696 1259 1755 autern

146 1796 382 1878 Mopsuestenus
405 1830 444 1839 —
467 1794 518 1857 nel
538 1793 647 1875 siquis
663 1797 710 1858 est
733 1794 809 1857 clius
832 1793 883 1857 ille
906 1786 944 1865 εἷς
966 1801 1018 1853 τῶν
1041 1798 1198 1873 σοφωτάτων
1215 1818 1262 1868 τις

146 1897 192 1959 καὶ
218 1899 387 1977 φιλόχριστος
408 1900 505 1977 πατήρ,
533 1915 568 1959 er
591 1914 649 1977 quo
676 1899 833 1960 mutuatus
861 1899 908 1960 est
932 1895 1092 1961 Enthalins
1120 1933 1160 1943 -
1188 1916 1259 1962 cum

146 2002 200 2066 illa
221 2001 343 2082 scripsit
364 1998 516 2063 breuiaria
531 1997 684 2082 (ἐκθέσεις),
708 2017 784 2080 quae
798 1999 831 2062 in
845 1998 980 2067 Euthalii
995 2000 1127 2064 editione
1144 2000 1263 2082 epistu-

146 2105 246 2168 larum
275 2102 475 2166 Paulinarum
504 2119 584 2165 anno
612 2098 674 2163 458
708 2106 884 2182 comparata
915 2102 1077 2183 unicnique
1110 2103 1259 2185 epistulae

146 2205 366 2288 praefiguntur,
392 2203 600 2267 Priscillianus
627 2203 688 2266 iam
716 2203 831 2266 dudum
861 2198 989 2267 affectus
1017 2207 1081 2273 erat
1110 2205 1263 2287 supplicio

148 2307 295 2391 (Enthalii
317 2323 391 2388 opus
414 2309 483 2387 post
506 2305 682 2387 Zacagnnm
704 2305 749 2369 ed.
775 2304 964 2385 (dedendine,
986 2305 1060 2370 bibl.
1083 2308 1144 2370 net.
1167 2311 1258 2389 patr,

147 2415 221 2476 tom.
241 2411 280 2489 X,
305 2407 396 2489 1774,
419 2429 449 2492 p.
470 2406 656 2481 242-3to·;
685 2412 837 2488 σοφώτατος
859 2411 889 2471 eb
910 2409 1078 2496 φιλὲχριςτος
1098 2410 1149 2473 ille
1170 2415 1260 2490 rard?

148 2515 403 2579 commemoratur
418 2530 449 2593 p.
461 2509 546 2593 247).
562 2546 599 2555 —
612 2509 705 2574 Fabri
715 2508 904 2592 stapulensis
918 2510 1032 2574 librum
1048 2513 1122 2576 mihi
1136 2516 1258 2594 praesto

147 2615 317 2682 1100101000
338 2612 420 2678 hand
442 2629 625 2696 magnopere
645 2612 741 2692 10100,
765 2630 835 2676 cnm
857 2613 920 2677 fore
942 2617 978 2677 ut
994 2614 1026 2677 in
1041 2618 1178 2678 nostram
1192 2635 1261 2680 rem

148 2738 184 2784 ex
207 2736 241 2782 eo
263 2717 411 2781 redundet
433 2716 513 2779 ullus
535 2716 654 2779 fructus
683 2715 734 2778 uix
761 2715 996 2779 existimandum
1018 2716 1067 2780 011.
1104 2717 1167 2782 Eae
1184 2736 1263 2782 nero

148 2821 316 2903 dequibus
341 2819 508 2883 illerefert
537 2817 738 2882 obscuritates
769 2822 800 2881 et
828 2817 1033 2898 difficultates,
1063 2820 1213 2901 quomodo
1240 2832 1263 2885 a

148 2925 235 2990 uobis
251 2923 450 3004 explanentur
466 2939 501 2984 ac
511 2939 635 3003 prorsus
650 2921 807 3000 tollantur,
819 2921 907 2985 facile
922 2921 1096 3003 expedietur
1110 2922 1262 2992 librorum

148 3031 321 3093 nostrorum
343 3025 486 3089 subsidio.

191 3129 281 3196 Octo
303 3129 396 3211 igitur
415 3146 501 3191 usus
523 3146 600 3192 snm
622 3128 688 3190 hee
710 3127 747 3191 iu
762 3128 920 3192 editione
942 3127 1129 3193 codicibus
1151 3129 1263 3193 bibli·

148 3235 213 3313 eis,
236 3250 366 3314 quorum
389 3248 459 3294 cum
473 3234 670 3311 conspectum
692 3247 860 3311 proponam
882 3249 911 3312 p.
929 3227 1000 3308 108,
1022 3230 1072 3293 hic
1086 3232 1259 3295 accuratius

149 3334 366 3418 disputandum
388 3333 447 3396 erit
468 3333 505 3396 de
528 3332 656 3415 singulte
679 3319 837 3396 codicibus
855 3335 894 3412 et,
918 3333 944 3395 si
959 3350 1036 3414 quae
1052 3337 1132 3412 suot,
1152 3333 1259 3397 editio·

149 3438 249 3517 nibus,
265 3435 372 3500 deinde
388 3435 425 3498 de
440 3453 545 3499 eorum
560 3438 668 3497 mutua
690 3425 878 3516 cognatione,
893 3439 1047 3516 postremo
1064 3435 1100 3498 de
1115 3431 1264 3499 uniuersa

149 3558 300 3604 canonum
321 3538 422 3602 indole
445 3555 480 3600 ac
501 3540 618 3604 natura.
656 3536 758 3617 Atque
780 3530 871 3600 ooden
894 3536 1015 3618 quidem

193 3643 224 3724 1)
259 3640 435 3707 (lanensis
465 3658 495 3702 n.
527 3638 568 3700 14
597 3639 651 3720 (=
683 3637 720 3720 C)
755 3656 847 3719 quam
881 3657 971 3720 saepe
1004 3656 1022 3702 a
1053 3640 1128 3703 uiris
1161 3641 1261 3704 doctis

149 3749 271 3811 nostrae
305 3743 415 3808 aetatis
443 3742 600 3820 landetur,
630 3740 710 3823 apud
742 3758 847 3804 omnes
876 3741 985 3805 harum
1014 3760 1116 3805 rerum
1145 3743 1262 3824 peritos

149 3849 284 3920 constat3
309 3845 443 3909 sufficiat
464 3844 557 3926 igitur
580 3844 734 3907 monuisse
760 3844 853 3906 totins
884 3844 995 3907 codicis
1025 3843 1259 3926 descriptionem

149 3951 249 4014 inesse
272 3950 303 4013 in
325 3947 491 4029 appendice
512 3945 591 4025 libri,
615 3964 705 4026 quem
727 3944 1089 4009 Morcaldi-Schiani-de
1104 3945 1262 4027 Stephano

150 4036 310 4116 ediderunt
338 4048 467 4131 Neapoli
496 4045 577 4111 1873
613 4049 656 4111 010
684 4047 882 4129 inscriptum:
918 4047 1018 4110 ‘codex
1045 4048 1279 4129 diplomaticus>

150 4153 311 4232 00000010,
338 4156 412 4243 tom.
436 4151 474 4224 Ι’;
505 4167 578 4214 nam
603 4153 674 4232 post
701 4168 730 4231 p.
751 4146 812 4211 287
840 4149 988 4231 appendix
1014 4150 1196 4233 paginarum
1216 4150 1261 4214 VI
